{'isBestMatch': True, 'time': 1543725955870, 'price': '4208.02000000', 'id': 83917798, 'isBuyerMaker': True, 'qty': '0.00413000'},
{'isBestMatch': True, 'time': 1543725956643, 'price': '4208.03000000', 'id': 83917799, 'isBuyerMaker': True, 'qty': '0.67060000'},
{'isBestMatch': True, 'time': 1543725956668, 'price': '4208.02000000', 'id': 83917800, 'isBuyerMaker': True, 'qty': '0.19665300'},
{'isBestMatch': True, 'time': 1543725957268, 'price': '4208.04000000', 'id': 83917801, 'isBuyerMaker': False, 'qty': '0.04411200'},
{'isBestMatch': True, 'time': 1543725957268, 'price': '4208.04000000', 'id': 83917802, 'isBuyerMaker': False, 'qty': '0.04596700'},
{'isBestMatch': True, 'time': 1543725957268, 'price': '4208.04000000', 'id': 83917803, 'isBuyerMaker': False, 'qty': '0.36150100'},
{'isBestMatch': True, 'time': 1543725957746, 'price': '4208.02000000', 'id': 83917804, 'isBuyerMaker': True, 'qty': '0.02480000'},
{'isBestMatch': True, 'time': 1543725958392, 'price': '4208.02000000', 'id': 83917805, 'isBuyerMaker': True, 'qty': '0.00328900'},
{'isBestMatch': True, 'time': 1543725958512, 'price': '4208.02000000', 'id': 83917806, 'isBuyerMaker': True, 'qty': '0.14995700'},
{'isBestMatch': True, 'time': 1543725958606, 'price': '4208.02000000', 'id': 83917807, 'isBuyerMaker': True, 'qty': '0.06755600'},
{'isBestMatch': True, 'time': 1543725961032, 'price': '4208.03000000', 'id': 83917808, 'isBuyerMaker': True, 'qty': '0.00708800'},
{'isBestMatch': True, 'time': 1543725961133, 'price': '4208.03000000', 'id': 83917809, 'isBuyerMaker': True, 'qty': '0.00708000'},
{'isBestMatch': True, 'time': 1543725961218, 'price': '4208.03000000', 'id': 83917810, 'isBuyerMaker': True, 'qty': '0.00000700'},
{'isBestMatch': True, 'time': 1543725961345, 'price': '4208.02000000', 'id': 83917811, 'isBuyerMaker': True, 'qty': '0.14997000'},
{'isBestMatch': True, 'time': 1543725961462, 'price': '4208.02000000', 'id': 83917812, 'isBuyerMaker': True, 'qty': '0.14997000'},
{'isBestMatch': True, 'time': 1543725961556, 'price': '4208.02000000', 'id': 83917813, 'isBuyerMaker': True, 'qty': '0.14997000'},
{'isBestMatch': True, 'time': 1543725961668, 'price': '4208.02000000', 'id': 83917814, 'isBuyerMaker': True, 'qty': '0.02732200'},
{'isBestMatch': True, 'time': 1543725962707, 'price': '4208.02000000', 'id': 83917815, 'isBuyerMaker': True, 'qty': '0.11400000'},
{'isBestMatch': True, 'time': 1543725962912, 'price': '4208.02000000', 'id': 83917816, 'isBuyerMaker': True, 'qty': '0.01912600'},
{'isBestMatch': True, 'time': 1543725963055, 'price': '4208.02000000', 'id': 83917817, 'isBuyerMaker': True, 'qty': '0.00659000'},
{'isBestMatch': True, 'time': 1543725963055, 'price': '4208.02000000', 'id': 83917818, 'isBuyerMaker': True, 'qty': '0.02418700'},
{'isBestMatch': True, 'time': 1543725963167, 'price': '4208.02000000', 'id': 83917819, 'isBuyerMaker': True, 'qty': '0.00298100'},
{'isBestMatch': True, 'time': 1543725963265, 'price': '4208.02000000', 'id': 83917820, 'isBuyerMaker': True, 'qty': '0.03681500'},
{'isBestMatch': True, 'time': 1543725963380, 'price': '4208.02000000', 'id': 83917821, 'isBuyerMaker': True, 'qty': '0.03293400'},
{'isBestMatch': True, 'time': 1543725963476, 'price': '4208.02000000', 'id': 83917822, 'isBuyerMaker': True, 'qty': '0.00708100'},
{'isBestMatch': True, 'time': 1543725964638, 'price': '4208.02000000', 'id': 83917823, 'isBuyerMaker': True, 'qty': '0.01750400'},
{'isBestMatch': True, 'time': 1543725965064, 'price': '4208.02000000', 'id': 83917824, 'isBuyerMaker': True, 'qty': '0.11400000'},
{'isBestMatch': True, 'time': 1543725965186, 'price': '4208.02000000', 'id': 83917825, 'isBuyerMaker': True, 'qty': '0.05700000'},
{'isBestMatch': True, 'time': 1543725966484, 'price': '4208.02000000', 'id': 83917826, 'isBuyerMaker': True, 'qty': '0.10980000'},
{'isBestMatch': True, 'time': 1543725966883, 'price': '4208.02000000', 'id': 83917827, 'isBuyerMaker': True, 'qty': '0.04043600'},
{'isBestMatch': True, 'time': 1543725967308, 'price': '4208.02000000', 'id': 83917828, 'isBuyerMaker': True, 'qty': '0.02900000'},
{'isBestMatch': True, 'time': 1543725967362, 'price': '4208.02000000', 'id': 83917829, 'isBuyerMaker': True, 'qty': '0.01375300'},
{'isBestMatch': True, 'time': 1543725967779, 'price': '4208.02000000', 'id': 83917830, 'isBuyerMaker': True, 'qty': '0.01140900'},
{'isBestMatch': True, 'time': 1543725969534, 'price': '4208.02000000', 'id': 83917831, 'isBuyerMaker': True, 'qty': '0.01130000'},
{'isBestMatch': True, 'time': 1543725969895, 'price': '4208.02000000', 'id': 83917832, 'isBuyerMaker': True, 'qty': '0.00298100'},
{'isBestMatch': True, 'time': 1543725970000, 'price': '4208.02000000', 'id': 83917833, 'isBuyerMaker': True, 'qty': '0.07796900'},
{'isBestMatch': True, 'time': 1543725970245, 'price': '4208.02000000', 'id': 83917834, 'isBuyerMaker': True, 'qty': '0.08551500'},
{'isBestMatch': True, 'time': 1543725970699, 'price': '4208.02000000', 'id': 83917835, 'isBuyerMaker': True, 'qty': '0.92740000'},
{'isBestMatch': True, 'time': 1543725972274, 'price': '4208.02000000', 'id': 83917836, 'isBuyerMaker': True, 'qty': '0.01360000'},
{'isBestMatch': True, 'time': 1543725972384, 'price': '4208.03000000', 'id': 83917837, 'isBuyerMaker': False, 'qty': '0.00708800'},
{'isBestMatch': True, 'time': 1543725972384, 'price': '4208.46000000', 'id': 83917838, 'isBuyerMaker': False, 'qty': '0.05739400'},
{'isBestMatch': True, 'time': 1543725973319, 'price': '4208.02000000', 'id': 83917839, 'isBuyerMaker': True, 'qty': '0.01320000'},
{'isBestMatch': True, 'time': 1543725973830, 'price': '4208.02000000', 'id': 83917840, 'isBuyerMaker': True, 'qty': '0.19478400'},
{'isBestMatch': True, 'time': 1543725974719, 'price': '4208.03000000', 'id': 83917841, 'isBuyerMaker': True, 'qty': '0.23693900'},
{'isBestMatch': True, 'time': 1543725975248, 'price': '4208.23000000', 'id': 83917842, 'isBuyerMaker': False, 'qty': '0.69820900'},
{'isBestMatch': True, 'time': 1543725975256, 'price': '4208.44000000', 'id': 83917843, 'isBuyerMaker': False, 'qty': '0.20331200'},
{'isBestMatch': True, 'time': 1543725975321, 'price': '4208.03000000', 'id': 83917844, 'isBuyerMaker': True, 'qty': '0.04990000'},
{'isBestMatch': True, 'time': 1543725975530, 'price': '4208.46000000', 'id': 83917845, 'isBuyerMaker': False, 'qty': '0.59365500'},
{'isBestMatch': True, 'time': 1543725975614, 'price': '4208.60000000', 'id': 83917846, 'isBuyerMaker': False, 'qty': '0.01206500'},
{'isBestMatch': True, 'time': 1543725975991, 'price': '4208.04000000', 'id': 83917847, 'isBuyerMaker': True, 'qty': '0.00388200'},
{'isBestMatch': True, 'time': 1543725977390, 'price': '4208.04000000', 'id': 83917848, 'isBuyerMaker': False, 'qty': '0.02785700'},
{'isBestMatch': True, 'time': 1543725977988, 'price': '4209.30000000', 'id': 83917849, 'isBuyerMaker': False, 'qty': '0.04835600'},
{'isBestMatch': True, 'time': 1543725980047, 'price': '4208.04000000', 'id': 83917850, 'isBuyerMaker': True, 'qty': '0.04000000'},
{'isBestMatch': True, 'time': 1543725980063, 'price': '4208.04000000', 'id': 83917851, 'isBuyerMaker': True, 'qty': '0.02850400'},
{'isBestMatch': True, 'time': 1543725981944, 'price': '4208.06000000', 'id': 83917852, 'isBuyerMaker': True, 'qty': '0.13215400'},
{'isBestMatch': True, 'time': 1543725981952, 'price': '4208.48000000', 'id': 83917853, 'isBuyerMaker': True, 'qty': '0.13506400'},
{'isBestMatch': True, 'time': 1543725983262, 'price': '4209.30000000', 'id': 83917854, 'isBuyerMaker': False, 'qty': '0.01207700'},
{'isBestMatch': True, 'time': 1543725984232, 'price': '4208.04000000', 'id': 83917855, 'isBuyerMaker': True, 'qty': '0.00843600'},
{'isBestMatch': True, 'time': 1543725984705, 'price': '4208.04000000', 'id': 83917856, 'isBuyerMaker': True, 'qty': '0.02305900'},
{'isBestMatch': True, 'time': 1543725985430, 'price': '4208.06000000', 'id': 83917857, 'isBuyerMaker': True, 'qty': '0.05685300'},
{'isBestMatch': True, 'time': 1543725985865, 'price': '4208.96000000', 'id': 83917858, 'isBuyerMaker': True, 'qty': '0.32014500'},
{'isBestMatch': True, 'time': 1543725985865, 'price': '4208.06000000', 'id': 83917859, 'isBuyerMaker': True, 'qty': '0.11952800'},
{'isBestMatch': True, 'time': 1543725987703, 'price': '4209.30000000', 'id': 83917860, 'isBuyerMaker': False, 'qty': '0.00301800'},
{'isBestMatch': True, 'time': 1543725987938, 'price': '4208.04000000', 'id': 83917861, 'isBuyerMaker': True, 'qty': '0.00000100'},
{'isBestMatch': True, 'time': 1543725987961, 'price': '4208.03000000', 'id': 83917862, 'isBuyerMaker': True, 'qty': '0.07063800'},
{'isBestMatch': True, 'time': 1543725988118, 'price': '4208.03000000', 'id': 83917863, 'isBuyerMaker': True, 'qty': '0.01423600'},
{'isBestMatch': True, 'time': 1543725988144, 'price': '4208.03000000', 'id': 83917864, 'isBuyerMaker': True, 'qty': '0.08031700'},
{'isBestMatch': True, 'time': 1543725988144, 'price': '4208.02000000', 'id': 83917865, 'isBuyerMaker': True, 'qty': '0.11968300'},
{'isBestMatch': True, 'time': 1543725988809, 'price': '4208.02000000', 'id': 83917866, 'isBuyerMaker': True, 'qty': '0.06843600'},
{'isBestMatch': True, 'time': 1543725991330, 'price': '4208.04000000', 'id': 83917867, 'isBuyerMaker': False, 'qty': '0.06943700'},
{'isBestMatch': True, 'time': 1543725991330, 'price': '4209.30000000', 'id': 83917868, 'isBuyerMaker': False, 'qty': '0.00065500'},
{'isBestMatch': True, 'time': 1543725991484, 'price': '4208.80000000', 'id': 83917869, 'isBuyerMaker': False, 'qty': '0.34738600'},
{'isBestMatch': True, 'time': 1543725991714, 'price': '4208.04000000', 'id': 83917870, 'isBuyerMaker': False, 'qty': '0.02376900'},
{'isBestMatch': True, 'time': 1543725992224, 'price': '4208.04000000', 'id': 83917871, 'isBuyerMaker': False, 'qty': '0.80000000'},
{'isBestMatch': True, 'time': 1543725992894, 'price': '4208.04000000', 'id': 83917872, 'isBuyerMaker': False, 'qty': '0.02853100'},
{'isBestMatch': True, 'time': 1543725994363, 'price': '4208.77000000', 'id': 83917873, 'isBuyerMaker': False, 'qty': '0.13166400'},
{'isBestMatch': True, 'time': 1543725994778, 'price': '4208.07000000', 'id': 83917874, 'isBuyerMaker': True, 'qty': '0.04909800'},
{'isBestMatch': True, 'time': 1543725996300, 'price': '4208.07000000', 'id': 83917875, 'isBuyerMaker': True, 'qty': '0.02859700'},
{'isBestMatch': True, 'time': 1543725997789, 'price': '4208.09000000', 'id': 83917876, 'isBuyerMaker': True, 'qty': '0.10841600'},
{'isBestMatch': True, 'time': 1543725999086, 'price': '4208.07000000', 'id': 83917877, 'isBuyerMaker': True, 'qty': '0.00267900'},
{'isBestMatch': True, 'time': 1543725999200, 'price': '4208.07000000', 'id': 83917878, 'isBuyerMaker': True, 'qty': '0.01984100'},
{'isBestMatch': True, 'time': 1543725999625, 'price': '4208.07000000', 'id': 83917879, 'isBuyerMaker': True, 'qty': '0.14737500'},
{'isBestMatch': True, 'time': 1543726000386, 'price': '4208.64000000', 'id': 83917880, 'isBuyerMaker': True, 'qty': '0.13666800'},
{'isBestMatch': True, 'time': 1543726000390, 'price': '4208.06000000', 'id': 83917881, 'isBuyerMaker': True, 'qty': '0.29240500'},
{'isBestMatch': True, 'time': 1543726001068, 'price': '4208.05000000', 'id': 83917882, 'isBuyerMaker': True, 'qty': '0.21365300'},
{'isBestMatch': True, 'time': 1543726001992, 'price': '4208.07000000', 'id': 83917883, 'isBuyerMaker': True, 'qty': '0.00500000'},
{'isBestMatch': True, 'time': 1543726004309, 'price': '4208.41000000', 'id': 83917884, 'isBuyerMaker': True, 'qty': '0.05907100'},
{'isBestMatch': True, 'time': 1543726004318, 'price': '4208.10000000', 'id': 83917885, 'isBuyerMaker': True, 'qty': '0.21436700'},
{'isBestMatch': True, 'time': 1543726008262, 'price': '4209.29000000', 'id': 83917886, 'isBuyerMaker': False, 'qty': '0.10000000'},
{'isBestMatch': True, 'time': 1543726008370, 'price': '4209.29000000', 'id': 83917887, 'isBuyerMaker': False, 'qty': '1.30000000'},
{'isBestMatch': True, 'time': 1543726008456, 'price': '4209.29000000', 'id': 83917888, 'isBuyerMaker': False, 'qty': '0.10000000'},
{'isBestMatch': True, 'time': 1543726009226, 'price': '4209.29000000', 'id': 83917889, 'isBuyerMaker': False, 'qty': '0.00050000'},
{'isBestMatch': True, 'time': 1543726009226, 'price': '4209.29000000', 'id': 83917890, 'isBuyerMaker': False, 'qty': '0.01265000'},
{'isBestMatch': True, 'time': 1543726009226, 'price': '4209.31000000', 'id': 83917891, 'isBuyerMaker': False, 'qty': '0.01394000'},
{'isBestMatch': True, 'time': 1543726009248, 'price': '4209.31000000', 'id': 83917892, 'isBuyerMaker': False, 'qty': '0.01314600'},
{'isBestMatch': True, 'time': 1543726009248, 'price': '4209.50000000', 'id': 83917893, 'isBuyerMaker': False, 'qty': '0.00397400'},
{'isBestMatch': True, 'time': 1543726009248, 'price': '4209.53000000', 'id': 83917894, 'isBuyerMaker': False, 'qty': '0.00997000'},
{'isBestMatch': True, 'time': 1543726009377, 'price': '4209.53000000', 'id': 83917895, 'isBuyerMaker': False, 'qty': '0.01711600'},
{'isBestMatch': True, 'time': 1543726009377, 'price': '4209.74000000', 'id': 83917896, 'isBuyerMaker': False, 'qty': '0.46217000'},
{'isBestMatch': True, 'time': 1543726009398, 'price': '4209.74000000', 'id': 83917897, 'isBuyerMaker': False, 'qty': '0.02710000'},
{'isBestMatch': True, 'time': 1543726009398, 'price': '4209.74000000', 'id': 83917898, 'isBuyerMaker': False, 'qty': '0.00000300'},
{'isBestMatch': True, 'time': 1543726009398, 'price': '4209.79000000', 'id': 83917899, 'isBuyerMaker': False, 'qty': '0.02708600'},
{'isBestMatch': True, 'time': 1543726009521, 'price': '4208.96000000', 'id': 83917900, 'isBuyerMaker': True, 'qty': '0.06989300'},
{'isBestMatch': True, 'time': 1543726011825, 'price': '4208.16000000', 'id': 83917901, 'isBuyerMaker': True, 'qty': '0.03295800'},
{'isBestMatch': True, 'time': 1543726011937, 'price': '4208.16000000', 'id': 83917902, 'isBuyerMaker': True, 'qty': '0.01454600'},
{'isBestMatch': True, 'time': 1543726011937, 'price': '4208.16000000', 'id': 83917903, 'isBuyerMaker': True, 'qty': '0.02620800'},
{'isBestMatch': True, 'time': 1543726012455, 'price': '4208.19000000', 'id': 83917904, 'isBuyerMaker': True, 'qty': '0.00996500'},
{'isBestMatch': True, 'time': 1543726014192, 'price': '4208.23000000', 'id': 83917905, 'isBuyerMaker': True, 'qty': '0.00665300'},
{'isBestMatch': True, 'time': 1543726014955, 'price': '4210.11000000', 'id': 83917906, 'isBuyerMaker': False, 'qty': '0.01752200'},
{'isBestMatch': True, 'time': 1543726015524, 'price': '4209.14000000', 'id': 83917907, 'isBuyerMaker': True, 'qty': '0.45409300'},
{'isBestMatch': True, 'time': 1543726017172, 'price': '4208.27000000', 'id': 83917908, 'isBuyerMaker': True, 'qty': '0.04746400'},
{'isBestMatch': True, 'time': 1543726017263, 'price': '4208.27000000', 'id': 83917909, 'isBuyerMaker': True, 'qty': '0.00004000'},
{'isBestMatch': True, 'time': 1543726017263, 'price': '4208.26000000', 'id': 83917910, 'isBuyerMaker': True, 'qty': '0.01386000'},
{'isBestMatch': True, 'time': 1543726017289, 'price': '4208.26000000', 'id': 83917911, 'isBuyerMaker': True, 'qty': '0.03420000'},
{'isBestMatch': True, 'time': 1543726017309, 'price': '4208.27000000', 'id': 83917912, 'isBuyerMaker': True, 'qty': '0.04750400'},
{'isBestMatch': True, 'time': 1543726017309, 'price': '4208.26000000', 'id': 83917913, 'isBuyerMaker': True, 'qty': '0.01143600'},
{'isBestMatch': True, 'time': 1543726017376, 'price': '4208.26000000', 'id': 83917914, 'isBuyerMaker': True, 'qty': '0.04746400'},
{'isBestMatch': True, 'time': 1543726017506, 'price': '4208.27000000', 'id': 83917915, 'isBuyerMaker': True, 'qty': '0.04746400'},
{'isBestMatch': True, 'time': 1543726018020, 'price': '4208.30000000', 'id': 83917916, 'isBuyerMaker': True, 'qty': '0.04750500'},
{'isBestMatch': True, 'time': 1543726018020, 'price': '4208.29000000', 'id': 83917917, 'isBuyerMaker': True, 'qty': '0.00031500'},
{'isBestMatch': True, 'time': 1543726018221, 'price': '4208.30000000', 'id': 83917918, 'isBuyerMaker': True, 'qty': '0.04750000'},
{'isBestMatch': True, 'time': 1543726018226, 'price': '4208.30000000', 'id': 83917919, 'isBuyerMaker': True, 'qty': '0.00000500'},
{'isBestMatch': True, 'time': 1543726018226, 'price': '4208.29000000', 'id': 83917920, 'isBuyerMaker': True, 'qty': '0.01392500'},
{'isBestMatch': True, 'time': 1543726018234, 'price': '4208.29000000', 'id': 83917921, 'isBuyerMaker': True, 'qty': '0.25068100'},
{'isBestMatch': True, 'time': 1543726018240, 'price': '4208.10000000', 'id': 83917922, 'isBuyerMaker': True, 'qty': '0.01393000'},
{'isBestMatch': True, 'time': 1543726018240, 'price': '4208.04000000', 'id': 83917923, 'isBuyerMaker': True, 'qty': '0.07764000'},
{'isBestMatch': True, 'time': 1543726018269, 'price': '4208.04000000', 'id': 83917924, 'isBuyerMaker': True, 'qty': '0.18625700'},
{'isBestMatch': True, 'time': 1543726018336, 'price': '4208.02000000', 'id': 83917925, 'isBuyerMaker': True, 'qty': '0.08431900'},
{'isBestMatch': True, 'time': 1543726018336, 'price': '4208.02000000', 'id': 83917926, 'isBuyerMaker': True, 'qty': '0.00725500'},
{'isBestMatch': True, 'time': 1543726018548, 'price': '4206.60000000', 'id': 83917927, 'isBuyerMaker': True, 'qty': '0.01080100'},
{'isBestMatch': True, 'time': 1543726019000, 'price': '4208.54000000', 'id': 83917928, 'isBuyerMaker': False, 'qty': '0.37461500'},
{'isBestMatch': True, 'time': 1543726020539, 'price': '4206.61000000', 'id': 83917929, 'isBuyerMaker': True, 'qty': '0.00495400'},
{'isBestMatch': True, 'time': 1543726021149, 'price': '4207.48000000', 'id': 83917930, 'isBuyerMaker': True, 'qty': '0.00613600'},
{'isBestMatch': True, 'time': 1543726023375, 'price': '4209.33000000', 'id': 83917931, 'isBuyerMaker': False, 'qty': '0.00285700'},
{'isBestMatch': True, 'time': 1543726024692, 'price': '4207.50000000', 'id': 83917932, 'isBuyerMaker': True, 'qty': '0.29710500'},
{'isBestMatch': True, 'time': 1543726025722, 'price': '4207.48000000', 'id': 83917933, 'isBuyerMaker': True, 'qty': '0.00716400'},
{'isBestMatch': True, 'time': 1543726026714, 'price': '4208.19000000', 'id': 83917934, 'isBuyerMaker': True, 'qty': '0.05473300'},
{'isBestMatch': True, 'time': 1543726026748, 'price': '4208.19000000', 'id': 83917935, 'isBuyerMaker': True, 'qty': '0.00727100'},
{'isBestMatch': True, 'time': 1543726026821, 'price': '4209.31000000', 'id': 83917936, 'isBuyerMaker': False, 'qty': '0.00437500'},
{'isBestMatch': True, 'time': 1543726027743, 'price': '4208.19000000', 'id': 83917937, 'isBuyerMaker': True, 'qty': '0.00239300'},
{'isBestMatch': True, 'time': 1543726030499, 'price': '4208.90000000', 'id': 83917938, 'isBuyerMaker': True, 'qty': '0.32898400'},
{'isBestMatch': True, 'time': 1543726030499, 'price': '4209.29000000', 'id': 83917939, 'isBuyerMaker': False, 'qty': '0.06758000'},
{'isBestMatch': True, 'time': 1543726032407, 'price': '4208.19000000', 'id': 83917940, 'isBuyerMaker': True, 'qty': '0.02337900'},
{'isBestMatch': True, 'time': 1543726032407, 'price': '4208.19000000', 'id': 83917941, 'isBuyerMaker': True, 'qty': '0.07144700'},
{'isBestMatch': True, 'time': 1543726032429, 'price': '4207.47000000', 'id': 83917942, 'isBuyerMaker': True, 'qty': '1.18141700'},
{'isBestMatch': True, 'time': 1543726033236, 'price': '4206.60000000', 'id': 83917943, 'isBuyerMaker': True, 'qty': '1.27663000'},
{'isBestMatch': True, 'time': 1543726033603, 'price': '4206.00000000', 'id': 83917944, 'isBuyerMaker': True, 'qty': '0.32260200'},
{'isBestMatch': True, 'time': 1543726033649, 'price': '4206.00000000', 'id': 83917945, 'isBuyerMaker': True, 'qty': '0.12404500'},
{'isBestMatch': True, 'time': 1543726033693, 'price': '4206.00000000', 'id': 83917946, 'isBuyerMaker': True, 'qty': '0.32260200'},
{'isBestMatch': True, 'time': 1543726033693, 'price': '4205.79000000', 'id': 83917947, 'isBuyerMaker': True, 'qty': '0.35079200'},
{'isBestMatch': True, 'time': 1543726033726, 'price': '4205.79000000', 'id': 83917948, 'isBuyerMaker': True, 'qty': '0.08105500'},
{'isBestMatch': True, 'time': 1543726034045, 'price': '4205.00000000', 'id': 83917949, 'isBuyerMaker': True, 'qty': '0.05698300'},
{'isBestMatch': True, 'time': 1543726034049, 'price': '4205.00000000', 'id': 83917950, 'isBuyerMaker': True, 'qty': '0.02852700'},
{'isBestMatch': True, 'time': 1543726034562, 'price': '4207.05000000', 'id': 83917951, 'isBuyerMaker': False, 'qty': '0.31981800'},
{'isBestMatch': True, 'time': 1543726036165, 'price': '4206.61000000', 'id': 83917952, 'isBuyerMaker': False, 'qty': '0.00665400'},
{'isBestMatch': True, 'time': 1543726036221, 'price': '4206.61000000', 'id': 83917953, 'isBuyerMaker': False, 'qty': '0.00665400'},
{'isBestMatch': True, 'time': 1543726036373, 'price': '4205.00000000', 'id': 83917954, 'isBuyerMaker': True, 'qty': '0.14073700'},
{'isBestMatch': True, 'time': 1543726036489, 'price': '4205.00000000', 'id': 83917955, 'isBuyerMaker': True, 'qty': '0.00582700'},
{'isBestMatch': True, 'time': 1543726041633, 'price': '4206.21000000', 'id': 83917956, 'isBuyerMaker': False, 'qty': '0.20413700'},
{'isBestMatch': True, 'time': 1543726042913, 'price': '4206.21000000', 'id': 83917957, 'isBuyerMaker': False, 'qty': '0.15200300'},
{'isBestMatch': True, 'time': 1543726042992, 'price': '4206.22000000', 'id': 83917958, 'isBuyerMaker': True, 'qty': '0.12194300'},
{'isBestMatch': True, 'time': 1543726043055, 'price': '4206.22000000', 'id': 83917959, 'isBuyerMaker': True, 'qty': '0.10000000'},
{'isBestMatch': True, 'time': 1543726043066, 'price': '4206.22000000', 'id': 83917960, 'isBuyerMaker': True, 'qty': '0.10613200'},
{'isBestMatch': True, 'time': 1543726043066, 'price': '4205.00000000', 'id': 83917961, 'isBuyerMaker': True, 'qty': '0.00002300'},
{'isBestMatch': True, 'time': 1543726043066, 'price': '4204.43000000', 'id': 83917962, 'isBuyerMaker': True, 'qty': '0.00572700'},
{'isBestMatch': True, 'time': 1543726043090, 'price': '4204.43000000', 'id': 83917963, 'isBuyerMaker': True, 'qty': '0.01000000'},
{'isBestMatch': True, 'time': 1543726043637, 'price': '4204.43000000', 'id': 83917964, 'isBuyerMaker': True, 'qty': '0.01542100'},
{'isBestMatch': True, 'time': 1543726043859, 'price': '4204.28000000', 'id': 83917965, 'isBuyerMaker': False, 'qty': '0.50874900'},
{'isBestMatch': True, 'time': 1543726044319, 'price': '4203.73000000', 'id': 83917966, 'isBuyerMaker': True, 'qty': '0.00951200'},
{'isBestMatch': True, 'time': 1543726044687, 'price': '4204.73000000', 'id': 83917967, 'isBuyerMaker': False, 'qty': '0.16642800'},
{'isBestMatch': True, 'time': 1543726046446, 'price': '4204.72000000', 'id': 83917968, 'isBuyerMaker': False, 'qty': '0.10000000'},
{'isBestMatch': True, 'time': 1543726047234, 'price': '4204.69000000', 'id': 83917969, 'isBuyerMaker': False, 'qty': '0.10000000'},
{'isBestMatch': True, 'time': 1543726047424, 'price': '4204.28000000', 'id': 83917970, 'isBuyerMaker': False, 'qty': '0.45022100'},
{'isBestMatch': True, 'time': 1543726047429, 'price': '4204.69000000', 'id': 83917971, 'isBuyerMaker': False, 'qty': '0.08534800'},
{'isBestMatch': True, 'time': 1543726047551, 'price': '4204.71000000', 'id': 83917972, 'isBuyerMaker': False, 'qty': '0.10307800'},
{'isBestMatch': True, 'time': 1543726047551, 'price': '4204.72000000', 'id': 83917973, 'isBuyerMaker': False, 'qty': '0.06007600'},
{'isBestMatch': True, 'time': 1543726050278, 'price': '4206.21000000', 'id': 83917974, 'isBuyerMaker': False, 'qty': '0.00820400'},
{'isBestMatch': True, 'time': 1543726050331, 'price': '4206.28000000', 'id': 83917975, 'isBuyerMaker': False, 'qty': '0.26864600'},
{'isBestMatch': True, 'time': 1543726050331, 'price': '4206.29000000', 'id': 83917976, 'isBuyerMaker': False, 'qty': '0.29883600'},
{'isBestMatch': True, 'time': 1543726050369, 'price': '4206.29000000', 'id': 83917977, 'isBuyerMaker': False, 'qty': '0.26864600'},
{'isBestMatch': True, 'time': 1543726052222, 'price': '4207.50000000', 'id': 83917978, 'isBuyerMaker': False, 'qty': '0.11090100'},
{'isBestMatch': True, 'time': 1543726052222, 'price': '4205.43000000', 'id': 83917979, 'isBuyerMaker': True, 'qty': '0.41742300'},
{'isBestMatch': True, 'time': 1543726053799, 'price': '4204.29000000', 'id': 83917980, 'isBuyerMaker': True, 'qty': '0.04752600'},
{'isBestMatch': True, 'time': 1543726053799, 'price': '4204.26000000', 'id': 83917981, 'isBuyerMaker': True, 'qty': '0.25247400'},
{'isBestMatch': True, 'time': 1543726053906, 'price': '4204.26000000', 'id': 83917982, 'isBuyerMaker': True, 'qty': '0.03352600'},
{'isBestMatch': True, 'time': 1543726053906, 'price': '4203.90000000', 'id': 83917983, 'isBuyerMaker': True, 'qty': '0.24420900'},
{'isBestMatch': True, 'time': 1543726053930, 'price': '4203.90000000', 'id': 83917984, 'isBuyerMaker': True, 'qty': '0.04537300'},
{'isBestMatch': True, 'time': 1543726053944, 'price': '4203.90000000', 'id': 83917985, 'isBuyerMaker': True, 'qty': '0.19204400'},
{'isBestMatch': True, 'time': 1543726053955, 'price': '4203.90000000', 'id': 83917986, 'isBuyerMaker': True, 'qty': '0.13100000'},
{'isBestMatch': True, 'time': 1543726053973, 'price': '4203.90000000', 'id': 83917987, 'isBuyerMaker': True, 'qty': '0.19397700'},
{'isBestMatch': True, 'time': 1543726053995, 'price': '4203.90000000', 'id': 83917988, 'isBuyerMaker': True, 'qty': '0.19339700'},
{'isBestMatch': True, 'time': 1543726054020, 'price': '4203.81000000', 'id': 83917989, 'isBuyerMaker': True, 'qty': '1.00000000'},
{'isBestMatch': True, 'time': 1543726054020, 'price': '4203.73000000', 'id': 83917990, 'isBuyerMaker': True, 'qty': '0.08048800'},
{'isBestMatch': True, 'time': 1543726054067, 'price': '4203.28000000', 'id': 83917991, 'isBuyerMaker': True, 'qty': '0.50000000'},
{'isBestMatch': True, 'time': 1543726054067, 'price': '4203.00000000', 'id': 83917992, 'isBuyerMaker': True, 'qty': '0.00713700'},
{'isBestMatch': True, 'time': 1543726054896, 'price': '4204.48000000', 'id': 83917993, 'isBuyerMaker': False, 'qty': '0.04752600'},
{'isBestMatch': True, 'time': 1543726054896, 'price': '4204.49000000', 'id': 83917994, 'isBuyerMaker': False, 'qty': '0.54000000'},
{'isBestMatch': True, 'time': 1543726054896, 'price': '4204.50000000', 'id': 83917995, 'isBuyerMaker': False, 'qty': '1.00000000'},
{'isBestMatch': True, 'time': 1543726054896, 'price': '4204.52000000', 'id': 83917996, 'isBuyerMaker': False, 'qty': '0.39962700'},
{'isBestMatch': True, 'time': 1543726054909, 'price': '4202.27000000', 'id': 83917997, 'isBuyerMaker': True, 'qty': '0.04756700'},
{'isBestMatch': True, 'time': 1543726054909, 'price': '4202.26000000', 'id': 83917998, 'isBuyerMaker': True, 'qty': '0.52736300'},
{'isBestMatch': True, 'time': 1543726055112, 'price': '4202.27000000', 'id': 83917999, 'isBuyerMaker': True, 'qty': '0.02849500'},
{'isBestMatch': True, 'time': 1543726055112, 'price': '4202.27000000', 'id': 83918000, 'isBuyerMaker': True, 'qty': '0.01907200'},
{'isBestMatch': True, 'time': 1543726055112, 'price': '4202.26000000', 'id': 83918001, 'isBuyerMaker': True, 'qty': '0.06644100'},
{'isBestMatch': True, 'time': 1543726055130, 'price': '4202.26000000', 'id': 83918002, 'isBuyerMaker': True, 'qty': '0.05701200'},
{'isBestMatch': True, 'time': 1543726055256, 'price': '4204.51000000', 'id': 83918003, 'isBuyerMaker': False, 'qty': '0.04756700'},
{'isBestMatch': True, 'time': 1543726055256, 'price': '4204.52000000', 'id': 83918004, 'isBuyerMaker': False, 'qty': '0.20217200'},
{'isBestMatch': True, 'time': 1543726055441, 'price': '4202.28000000', 'id': 83918005, 'isBuyerMaker': True, 'qty': '0.04756700'},
{'isBestMatch': True, 'time': 1543726055441, 'price': '4202.24000000', 'id': 83918006, 'isBuyerMaker': True, 'qty': '0.25243300'},
{'isBestMatch': True, 'time': 1543726055949, 'price': '4202.25000000', 'id': 83918007, 'isBuyerMaker': True, 'qty': '0.04756700'},
{'isBestMatch': True, 'time': 1543726055949, 'price': '4202.16000000', 'id': 83918008, 'isBuyerMaker': True, 'qty': '0.03506100'},
{'isBestMatch': True, 'time': 1543726055949, 'price': '4202.15000000', 'id': 83918009, 'isBuyerMaker': True, 'qty': '0.02337400'},
{'isBestMatch': True, 'time': 1543726055949, 'price': '4202.14000000', 'id': 83918010, 'isBuyerMaker': True, 'qty': '0.04372600'},
{'isBestMatch': True, 'time': 1543726058299, 'price': '4201.11000000', 'id': 83918011, 'isBuyerMaker': True, 'qty': '0.02814300'},
{'isBestMatch': True, 'time': 1543726060063, 'price': '4202.62000000', 'id': 83918012, 'isBuyerMaker': False, 'qty': '0.38781200'},
{'isBestMatch': True, 'time': 1543726066768, 'price': '4202.82000000', 'id': 83918013, 'isBuyerMaker': True, 'qty': '0.42437600'},
{'isBestMatch': True, 'time': 1543726066914, 'price': '4204.24000000', 'id': 83918014, 'isBuyerMaker': False, 'qty': '0.00572200'},
{'isBestMatch': True, 'time': 1543726070331, 'price': '4204.20000000', 'id': 83918015, 'isBuyerMaker': False, 'qty': '0.00280100'},
{'isBestMatch': True, 'time': 1543726070793, 'price': '4201.33000000', 'id': 83918016, 'isBuyerMaker': True, 'qty': '0.04757100'},
{'isBestMatch': True, 'time': 1543726070793, 'price': '4201.32000000', 'id': 83918017, 'isBuyerMaker': True, 'qty': '0.01753400'},
{'isBestMatch': True, 'time': 1543726070793, 'price': '4201.19000000', 'id': 83918018, 'isBuyerMaker': True, 'qty': '0.02080000'},
{'isBestMatch': True, 'time': 1543726071110, 'price': '4201.20000000', 'id': 83918019, 'isBuyerMaker': True, 'qty': '0.01082200'},
{'isBestMatch': True, 'time': 1543726071184, 'price': '4201.20000000', 'id': 83918020, 'isBuyerMaker': True, 'qty': '0.01368000'},
{'isBestMatch': True, 'time': 1543726071907, 'price': '4202.64000000', 'id': 83918021, 'isBuyerMaker': False, 'qty': '0.10935500'},
{'isBestMatch': True, 'time': 1543726074374, 'price': '4201.20000000', 'id': 83918022, 'isBuyerMaker': True, 'qty': '0.01000000'},
{'isBestMatch': True, 'time': 1543726074866, 'price': '4201.20000000', 'id': 83918023, 'isBuyerMaker': True, 'qty': '0.00359200'},
{'isBestMatch': True, 'time': 1543726075657, 'price': '4201.22000000', 'id': 83918024, 'isBuyerMaker': True, 'qty': '0.01568000'},
{'isBestMatch': True, 'time': 1543726076074, 'price': '4202.00000000', 'id': 83918025, 'isBuyerMaker': True, 'qty': '0.01908100'},
{'isBestMatch': True, 'time': 1543726076348, 'price': '4202.00000000', 'id': 83918026, 'isBuyerMaker': True, 'qty': '0.00000900'},
{'isBestMatch': True, 'time': 1543726076348, 'price': '4201.22000000', 'id': 83918027, 'isBuyerMaker': True, 'qty': '0.11838200'},
{'isBestMatch': True, 'time': 1543726076348, 'price': '4201.20000000', 'id': 83918028, 'isBuyerMaker': True, 'qty': '0.00947700'},
{'isBestMatch': True, 'time': 1543726076348, 'price': '4201.19000000', 'id': 83918029, 'isBuyerMaker': True, 'qty': '0.06718700'},
{'isBestMatch': True, 'time': 1543726076348, 'price': '4200.99000000', 'id': 83918030, 'isBuyerMaker': True, 'qty': '0.47661900'},
{'isBestMatch': True, 'time': 1543726080719, 'price': '4200.99000000', 'id': 83918031, 'isBuyerMaker': True, 'qty': '0.07368600'},
{'isBestMatch': True, 'time': 1543726081626, 'price': '4202.94000000', 'id': 83918032, 'isBuyerMaker': True, 'qty': '0.47432000'},
{'isBestMatch': True, 'time': 1543726082724, 'price': '4200.99000000', 'id': 83918033, 'isBuyerMaker': True, 'qty': '0.08443000'},
{'isBestMatch': True, 'time': 1543726082979, 'price': '4200.99000000', 'id': 83918034, 'isBuyerMaker': True, 'qty': '0.20000000'},
{'isBestMatch': True, 'time': 1543726083011, 'price': '4200.99000000', 'id': 83918035, 'isBuyerMaker': True, 'qty': '0.13698900'},
{'isBestMatch': True, 'time': 1543726083011, 'price': '4200.99000000', 'id': 83918036, 'isBuyerMaker': True, 'qty': '0.06301100'},
{'isBestMatch': True, 'time': 1543726083743, 'price': '4203.76000000', 'id': 83918037, 'isBuyerMaker': False, 'qty': '0.02000000'},
{'isBestMatch': True, 'time': 1543726083743, 'price': '4203.77000000', 'id': 83918038, 'isBuyerMaker': False, 'qty': '0.52972000'},
{'isBestMatch': True, 'time': 1543726085317, 'price': '4200.99000000', 'id': 83918039, 'isBuyerMaker': True, 'qty': '0.02856100'},
{'isBestMatch': True, 'time': 1543726085608, 'price': '4203.68000000', 'id': 83918040, 'isBuyerMaker': False, 'qty': '0.00482000'},
{'isBestMatch': True, 'time': 1543726087305, 'price': '4200.99000000', 'id': 83918041, 'isBuyerMaker': True, 'qty': '0.05118200'},
{'isBestMatch': True, 'time': 1543726087681, 'price': '4201.28000000', 'id': 83918042, 'isBuyerMaker': False, 'qty': '0.57237200'},
{'isBestMatch': True, 'time': 1543726089563, 'price': '4201.00000000', 'id': 83918043, 'isBuyerMaker': True, 'qty': '0.18053800'},
{'isBestMatch': True, 'time': 1543726091359, 'price': '4200.12000000', 'id': 83918044, 'isBuyerMaker': True, 'qty': '0.01607100'},
{'isBestMatch': True, 'time': 1543726092438, 'price': '4202.65000000', 'id': 83918045, 'isBuyerMaker': False, 'qty': '0.00362900'},
{'isBestMatch': True, 'time': 1543726093784, 'price': '4200.00000000', 'id': 83918046, 'isBuyerMaker': True, 'qty': '0.02583100'},
{'isBestMatch': True, 'time': 1543726093784, 'price': '4200.00000000', 'id': 83918047, 'isBuyerMaker': True, 'qty': '0.13723300'},
{'isBestMatch': True, 'time': 1543726093784, 'price': '4200.00000000', 'id': 83918048, 'isBuyerMaker': True, 'qty': '0.15108600'},
{'isBestMatch': True, 'time': 1543726093784, 'price': '4200.00000000', 'id': 83918049, 'isBuyerMaker': True, 'qty': '0.01205900'},
{'isBestMatch': True, 'time': 1543726093784, 'price': '4200.00000000', 'id': 83918050, 'isBuyerMaker': True, 'qty': '0.38759100'},
{'isBestMatch': True, 'time': 1543726093784, 'price': '4200.00000000', 'id': 83918051, 'isBuyerMaker': True, 'qty': '0.63886500'},
{'isBestMatch': True, 'time': 1543726093804, 'price': '4200.00000000', 'id': 83918052, 'isBuyerMaker': True, 'qty': '0.38070000'},
{'isBestMatch': True, 'time': 1543726094242, 'price': '4200.00000000', 'id': 83918053, 'isBuyerMaker': True, 'qty': '0.00380600'},
{'isBestMatch': True, 'time': 1543726094275, 'price': '4201.10000000', 'id': 83918054, 'isBuyerMaker': True, 'qty': '0.48587700'},
{'isBestMatch': True, 'time': 1543726096247, 'price': '4202.54000000', 'id': 83918055, 'isBuyerMaker': False, 'qty': '0.01204000'},
{'isBestMatch': True, 'time': 1543726096830, 'price': '4200.01000000', 'id': 83918056, 'isBuyerMaker': True, 'qty': '0.04759000'},
{'isBestMatch': True, 'time': 1543726096830, 'price': '4200.00000000', 'id': 83918057, 'isBuyerMaker': True, 'qty': '0.00166300'},
{'isBestMatch': True, 'time': 1543726097049, 'price': '4200.00000000', 'id': 83918058, 'isBuyerMaker': True, 'qty': '0.04925200'},
{'isBestMatch': True, 'time': 1543726097290, 'price': '4200.00000000', 'id': 83918059, 'isBuyerMaker': False, 'qty': '0.00000100'},
{'isBestMatch': True, 'time': 1543726097290, 'price': '4200.00000000', 'id': 83918060, 'isBuyerMaker': False, 'qty': '0.00876900'},
{'isBestMatch': True, 'time': 1543726099229, 'price': '4199.98000000', 'id': 83918061, 'isBuyerMaker': False, 'qty': '0.08974000'},
{'isBestMatch': True, 'time': 1543726099233, 'price': '4199.98000000', 'id': 83918062, 'isBuyerMaker': False, 'qty': '0.14381900'},
{'isBestMatch': True, 'time': 1543726099251, 'price': '4199.35000000', 'id': 83918063, 'isBuyerMaker': True, 'qty': '0.20712000'},
{'isBestMatch': True, 'time': 1543726100463, 'price': '4199.98000000', 'id': 83918064, 'isBuyerMaker': True, 'qty': '0.23355900'},
{'isBestMatch': True, 'time': 1543726100463, 'price': '4199.11000000', 'id': 83918065, 'isBuyerMaker': True, 'qty': '0.01190700'},
{'isBestMatch': True, 'time': 1543726100463, 'price': '4198.73000000', 'id': 83918066, 'isBuyerMaker': True, 'qty': '0.05453400'},
{'isBestMatch': True, 'time': 1543726100468, 'price': '4198.73000000', 'id': 83918067, 'isBuyerMaker': True, 'qty': '0.30000000'},
{'isBestMatch': True, 'time': 1543726100570, 'price': '4198.66000000', 'id': 83918068, 'isBuyerMaker': True, 'qty': '0.05817500'},
{'isBestMatch': True, 'time': 1543726100570, 'price': '4198.64000000', 'id': 83918069, 'isBuyerMaker': True, 'qty': '0.43489100'},
{'isBestMatch': True, 'time': 1543726100991, 'price': '4198.37000000', 'id': 83918070, 'isBuyerMaker': True, 'qty': '0.25496900'},
{'isBestMatch': True, 'time': 1543726100991, 'price': '4198.30000000', 'id': 83918071, 'isBuyerMaker': True, 'qty': '0.00398100'},
{'isBestMatch': True, 'time': 1543726101561, 'price': '4198.00000000', 'id': 83918072, 'isBuyerMaker': True, 'qty': '0.01191000'},
{'isBestMatch': True, 'time': 1543726101561, 'price': '4198.00000000', 'id': 83918073, 'isBuyerMaker': True, 'qty': '0.17193500'},
{'isBestMatch': True, 'time': 1543726102219, 'price': '4197.61000000', 'id': 83918074, 'isBuyerMaker': True, 'qty': '0.30000000'},
{'isBestMatch': True, 'time': 1543726102601, 'price': '4197.61000000', 'id': 83918075, 'isBuyerMaker': True, 'qty': '0.30000000'},
{'isBestMatch': True, 'time': 1543726103168, 'price': '4197.61000000', 'id': 83918076, 'isBuyerMaker': True, 'qty': '0.10400000'},
{'isBestMatch': True, 'time': 1543726104961, 'price': '4197.62000000', 'id': 83918077, 'isBuyerMaker': True, 'qty': '0.02851100'},
{'isBestMatch': True, 'time': 1543726105271, 'price': '4197.62000000', 'id': 83918078, 'isBuyerMaker': True, 'qty': '0.17114300'},
{'isBestMatch': True, 'time': 1543726105658, 'price': '4197.62000000', 'id': 83918079, 'isBuyerMaker': True, 'qty': '0.30000000'},
{'isBestMatch': True, 'time': 1543726105677, 'price': '4197.62000000', 'id': 83918080, 'isBuyerMaker': True, 'qty': '0.30000000'},
{'isBestMatch': True, 'time': 1543726106636, 'price': '4199.33000000', 'id': 83918081, 'isBuyerMaker': False, 'qty': '0.00713600'},
{'isBestMatch': True, 'time': 1543726110481, 'price': '4198.08000000', 'id': 83918082, 'isBuyerMaker': False, 'qty': '0.36771200'},
{'isBestMatch': True, 'time': 1543726111372, 'price': '4197.61000000', 'id': 83918083, 'isBuyerMaker': True, 'qty': '0.01353000'},
{'isBestMatch': True, 'time': 1543726111586, 'price': '4197.61000000', 'id': 83918084, 'isBuyerMaker': True, 'qty': '0.05541900'},
{'isBestMatch': True, 'time': 1543726115001, 'price': '4196.65000000', 'id': 83918085, 'isBuyerMaker': True, 'qty': '0.10121800'},
{'isBestMatch': True, 'time': 1543726116948, 'price': '4197.98000000', 'id': 83918086, 'isBuyerMaker': False, 'qty': '0.26485700'},
{'isBestMatch': True, 'time': 1543726119419, 'price': '4198.95000000', 'id': 83918087, 'isBuyerMaker': False, 'qty': '0.01487600'},
{'isBestMatch': True, 'time': 1543726120900, 'price': '4198.31000000', 'id': 83918088, 'isBuyerMaker': True, 'qty': '0.45170900'},
{'isBestMatch': True, 'time': 1543726124881, 'price': '4196.66000000', 'id': 83918089, 'isBuyerMaker': False, 'qty': '0.23710000'},
{'isBestMatch': True, 'time': 1543726127391, 'price': '4197.28000000', 'id': 83918090, 'isBuyerMaker': False, 'qty': '0.30289700'},
{'isBestMatch': True, 'time': 1543726127391, 'price': '4197.28000000', 'id': 83918091, 'isBuyerMaker': False, 'qty': '0.03114100'},
{'isBestMatch': True, 'time': 1543726128338, 'price': '4197.28000000', 'id': 83918092, 'isBuyerMaker': True, 'qty': '0.02815900'},
{'isBestMatch': True, 'time': 1543726129064, 'price': '4197.28000000', 'id': 83918093, 'isBuyerMaker': True, 'qty': '0.02815900'},
{'isBestMatch': True, 'time': 1543726132196, 'price': '4196.96000000', 'id': 83918094, 'isBuyerMaker': False, 'qty': '0.09520200'},
{'isBestMatch': True, 'time': 1543726132196, 'price': '4197.57000000', 'id': 83918095, 'isBuyerMaker': False, 'qty': '0.15645000'},
{'isBestMatch': True, 'time': 1543726132827, 'price': '4196.63000000', 'id': 83918096, 'isBuyerMaker': True, 'qty': '0.00594100'},
{'isBestMatch': True, 'time': 1543726132827, 'price': '4196.63000000', 'id': 83918097, 'isBuyerMaker': True, 'qty': '0.00507000'},
{'isBestMatch': True, 'time': 1543726137313, 'price': '4196.63000000', 'id': 83918098, 'isBuyerMaker': True, 'qty': '0.02294200'},
{'isBestMatch': True, 'time': 1543726137938, 'price': '4196.63000000', 'id': 83918099, 'isBuyerMaker': True, 'qty': '0.76729000'},
{'isBestMatch': True, 'time': 1543726137982, 'price': '4197.28000000', 'id': 83918100, 'isBuyerMaker': False, 'qty': '0.37894000'},
{'isBestMatch': True, 'time': 1543726137982, 'price': '4197.56000000', 'id': 83918101, 'isBuyerMaker': False, 'qty': '0.09826200'},
{'isBestMatch': True, 'time': 1543726137982, 'price': '4197.58000000', 'id': 83918102, 'isBuyerMaker': False, 'qty': '0.02460000'},
{'isBestMatch': True, 'time': 1543726137982, 'price': '4197.59000000', 'id': 83918103, 'isBuyerMaker': False, 'qty': '0.02462600'},
{'isBestMatch': True, 'time': 1543726137982, 'price': '4197.60000000', 'id': 83918104, 'isBuyerMaker': False, 'qty': '0.04048400'},
{'isBestMatch': True, 'time': 1543726137982, 'price': '4197.61000000', 'id': 83918105, 'isBuyerMaker': False, 'qty': '0.30474200'},
{'isBestMatch': True, 'time': 1543726137982, 'price': '4197.89000000', 'id': 83918106, 'isBuyerMaker': False, 'qty': '0.50000000'},
{'isBestMatch': True, 'time': 1543726137982, 'price': '4198.92000000', 'id': 83918107, 'isBuyerMaker': False, 'qty': '0.28824300'},
{'isBestMatch': True, 'time': 1543726137982, 'price': '4199.05000000', 'id': 83918108, 'isBuyerMaker': False, 'qty': '0.50000000'},
{'isBestMatch': True, 'time': 1543726137982, 'price': '4199.05000000', 'id': 83918109, 'isBuyerMaker': False, 'qty': '0.00845000'},
{'isBestMatch': True, 'time': 1543726137982, 'price': '4199.93000000', 'id': 83918110, 'isBuyerMaker': False, 'qty': '1.00000000'},
{'isBestMatch': True, 'time': 1543726137982, 'price': '4199.98000000', 'id': 83918111, 'isBuyerMaker': False, 'qty': '1.00000000'},
{'isBestMatch': True, 'time': 1543726137982, 'price': '4200.00000000', 'id': 83918112, 'isBuyerMaker': False, 'qty': '0.50000000'},
{'isBestMatch': True, 'time': 1543726137982, 'price': '4200.00000000', 'id': 83918113, 'isBuyerMaker': False, 'qty': '0.30821100'},
{'isBestMatch': True, 'time': 1543726140059, 'price': '4196.70000000', 'id': 83918114, 'isBuyerMaker': True, 'qty': '0.04761900'},
{'isBestMatch': True, 'time': 1543726145003, 'price': '4199.96000000', 'id': 83918115, 'isBuyerMaker': False, 'qty': '0.02906400'},
{'isBestMatch': True, 'time': 1543726145003, 'price': '4199.97000000', 'id': 83918116, 'isBuyerMaker': False, 'qty': '0.26593600'},
{'isBestMatch': True, 'time': 1543726145068, 'price': '4197.63000000', 'id': 83918117, 'isBuyerMaker': False, 'qty': '0.39221400'},
{'isBestMatch': True, 'time': 1543726145077, 'price': '4199.97000000', 'id': 83918118, 'isBuyerMaker': False, 'qty': '0.05821900'},
{'isBestMatch': True, 'time': 1543726146339, 'price': '4196.74000000', 'id': 83918119, 'isBuyerMaker': True, 'qty': '0.04760200'},
{'isBestMatch': True, 'time': 1543726146425, 'price': '4196.74000000', 'id': 83918120, 'isBuyerMaker': True, 'qty': '0.00001700'},
{'isBestMatch': True, 'time': 1543726146425, 'price': '4196.74000000', 'id': 83918121, 'isBuyerMaker': True, 'qty': '0.00941900'},
{'isBestMatch': True, 'time': 1543726150341, 'price': '4197.74000000', 'id': 83918122, 'isBuyerMaker': True, 'qty': '0.03297600'},
{'isBestMatch': True, 'time': 1543726150426, 'price': '4197.74000000', 'id': 83918123, 'isBuyerMaker': True, 'qty': '0.00625200'},
{'isBestMatch': True, 'time': 1543726150952, 'price': '4198.65000000', 'id': 83918124, 'isBuyerMaker': False, 'qty': '0.21440600'},
{'isBestMatch': True, 'time': 1543726151358, 'price': '4198.00000000', 'id': 83918125, 'isBuyerMaker': True, 'qty': '0.03297400'},
{'isBestMatch': True, 'time': 1543726151472, 'price': '4198.00000000', 'id': 83918126, 'isBuyerMaker': True, 'qty': '0.02187900'},
{'isBestMatch': True, 'time': 1543726152097, 'price': '4198.00000000', 'id': 83918127, 'isBuyerMaker': True, 'qty': '0.09549300'},
{'isBestMatch': True, 'time': 1543726155069, 'price': '4199.19000000', 'id': 83918128, 'isBuyerMaker': False, 'qty': '0.00917600'},
{'isBestMatch': True, 'time': 1543726156510, 'price': '4199.17000000', 'id': 83918129, 'isBuyerMaker': False, 'qty': '0.07482300'},
{'isBestMatch': True, 'time': 1543726156516, 'price': '4198.53000000', 'id': 83918130, 'isBuyerMaker': True, 'qty': '0.20388700'},
