{'id': 83481894, 'price': '4241.94000000', 'qty': '0.00097200', 'time': 1543570883076, 'isBuyerMaker': False, 'isBestMatch': True}
{'id': 83481895, 'price': '4241.94000000', 'qty': '0.00462400', 'time': 1543570883076, 'isBuyerMaker': False, 'isBestMatch': True}
{'id': 83481896, 'price': '4241.94000000', 'qty': '0.00493200', 'time': 1543570883191, 'isBuyerMaker': False, 'isBestMatch': True}
{'id': 83481897, 'price': '4241.00000000', 'qty': '0.00306000', 'time': 1543570883332, 'isBuyerMaker': True, 'isBestMatch': True}
{'id': 83481898, 'price': '4241.00000000', 'qty': '0.00306000', 'time': 1543570883640, 'isBuyerMaker': True, 'isBestMatch': True}
{'id': 83481899, 'price': '4241.00000000', 'qty': '0.00306000', 'time': 1543570884059, 'isBuyerMaker': True, 'isBestMatch': True}
{'id': 83481900, 'price': '4241.94000000', 'qty': '0.00352300', 'time': 1543570884272, 'isBuyerMaker': False, 'isBestMatch': True}
{'id': 83481901, 'price': '4241.02000000', 'qty': '0.01726200', 'time': 1543570884431, 'isBuyerMaker': True, 'isBestMatch': True}
{'id': 83481902, 'price': '4241.02000000', 'qty': '0.01726200', 'time': 1543570884896, 'isBuyerMaker': True, 'isBestMatch': True}
{'id': 83481903, 'price': '4241.02000000', 'qty': '0.31269100', 'time': 1543570884915, 'isBuyerMaker': True, 'isBestMatch': True}
{'id': 83481904, 'price': '4241.00000000', 'qty': '0.31563100', 'time': 1543570885345, 'isBuyerMaker': True, 'isBestMatch': True}
{'id': 83481905, 'price': '4241.00000000', 'qty': '0.16967900', 'time': 1543570885914, 'isBuyerMaker': False, 'isBestMatch': True}
{'id': 83481906, 'price': '4241.00000000', 'qty': '0.02821800', 'time': 1543570885916, 'isBuyerMaker': False, 'isBestMatch': True}
{'id': 83481907, 'price': '4241.00000000', 'qty': '0.05651100', 'time': 1543570885916, 'isBuyerMaker': False, 'isBestMatch': True}
{'id': 83481908, 'price': '4241.00000000', 'qty': '0.02580600', 'time': 1543570885969, 'isBuyerMaker': False, 'isBestMatch': True}
{'id': 83481909, 'price': '4241.00000000', 'qty': '0.00236100', 'time': 1543570886073, 'isBuyerMaker': False, 'isBestMatch': True}
{'id': 83481910, 'price': '4241.00000000', 'qty': '0.00486100', 'time': 1543570886173, 'isBuyerMaker': False, 'isBestMatch': True}
{'id': 83481911, 'price': '4241.00000000', 'qty': '0.01892900', 'time': 1543570886481, 'isBuyerMaker': False, 'isBestMatch': True}
{'id': 83481912, 'price': '4240.45000000', 'qty': '0.10498300', 'time': 1543570887232, 'isBuyerMaker': True, 'isBestMatch': True}
{'id': 83481913, 'price': '4240.45000000', 'qty': '0.72467100', 'time': 1543570887235, 'isBuyerMaker': True, 'isBestMatch': True}
{'id': 83481914, 'price': '4240.45000000', 'qty': '0.03917900', 'time': 1543570888929, 'isBuyerMaker': False, 'isBestMatch': True}
{'id': 83481915, 'price': '4240.22000000', 'qty': '0.02018000', 'time': 1543570889445, 'isBuyerMaker': True, 'isBestMatch': True}
{'id': 83481916, 'price': '4240.24000000', 'qty': '0.02018000', 'time': 1543570889658, 'isBuyerMaker': True, 'isBestMatch': True}
{'id': 83481917, 'price': '4240.51000000', 'qty': '0.78774900', 'time': 1543570891021, 'isBuyerMaker': True, 'isBestMatch': True}
{'id': 83481918, 'price': '4241.00000000', 'qty': '0.02600500', 'time': 1543570891021, 'isBuyerMaker': False, 'isBestMatch': True}
{'id': 83481919, 'price': '4240.24000000', 'qty': '0.45249600', 'time': 1543570891021, 'isBuyerMaker': True, 'isBestMatch': True}
{'id': 83481920, 'price': '4241.00000000', 'qty': '0.00000100', 'time': 1543570891112, 'isBuyerMaker': False, 'isBestMatch': True}
{'id': 83481921, 'price': '4241.22000000', 'qty': '0.00598600', 'time': 1543570891229, 'isBuyerMaker': True, 'isBestMatch': True}
{'id': 83481922, 'price': '4241.93000000', 'qty': '0.00284900', 'time': 1543570891237, 'isBuyerMaker': False, 'isBestMatch': True}
{'id': 83481923, 'price': '4241.22000000', 'qty': '0.05401300', 'time': 1543570891253, 'isBuyerMaker': True, 'isBestMatch': True}
{'id': 83481924, 'price': '4240.20000000', 'qty': '0.00261700', 'time': 1543570891253, 'isBuyerMaker': True, 'isBestMatch': True}
{'id': 83481925, 'price': '4240.20000000', 'qty': '0.08536200', 'time': 1543570891474, 'isBuyerMaker': True, 'isBestMatch': True}
{'id': 83481926, 'price': '4240.20000000', 'qty': '0.02005600', 'time': 1543570891499, 'isBuyerMaker': True, 'isBestMatch': True}
{'id': 83481927, 'price': '4240.19000000', 'qty': '0.01994400', 'time': 1543570891499, 'isBuyerMaker': True, 'isBestMatch': True}
{'id': 83481928, 'price': '4241.86000000', 'qty': '0.00306200', 'time': 1543570892544, 'isBuyerMaker': False, 'isBestMatch': True}
{'id': 83481929, 'price': '4240.21000000', 'qty': '0.03082900', 'time': 1543570892825, 'isBuyerMaker': True, 'isBestMatch': True}
{'id': 83481930, 'price': '4240.21000000', 'qty': '0.22203900', 'time': 1543570893549, 'isBuyerMaker': True, 'isBestMatch': True}
{'id': 83481931, 'price': '4241.85000000', 'qty': '0.02713700', 'time': 1543570894158, 'isBuyerMaker': False, 'isBestMatch': True}
{'id': 83481932, 'price': '4241.85000000', 'qty': '0.00323100', 'time': 1543570895895, 'isBuyerMaker': False, 'isBestMatch': True}
{'id': 83481933, 'price': '4240.76000000', 'qty': '0.84431600', 'time': 1543570896447, 'isBuyerMaker': True, 'isBestMatch': True}
{'id': 83481934, 'price': '4240.21000000', 'qty': '0.36507400', 'time': 1543570896451, 'isBuyerMaker': True, 'isBestMatch': True}
{'id': 83481935, 'price': '4240.73000000', 'qty': '0.50000000', 'time': 1543570898346, 'isBuyerMaker': False, 'isBestMatch': True}
{'id': 83481936, 'price': '4240.73000000', 'qty': '0.11165000', 'time': 1543570898346, 'isBuyerMaker': False, 'isBestMatch': True}
{'id': 83481937, 'price': '4240.21000000', 'qty': '0.00432100', 'time': 1543570899828, 'isBuyerMaker': True, 'isBestMatch': True}
{'id': 83481938, 'price': '4240.46000000', 'qty': '0.42477700', 'time': 1543570900442, 'isBuyerMaker': False, 'isBestMatch': True}
{'id': 83481939, 'price': '4240.21000000', 'qty': '0.44771900', 'time': 1543570900448, 'isBuyerMaker': True, 'isBestMatch': True}
{'id': 83481940, 'price': '4240.19000000', 'qty': '0.20000000', 'time': 1543570901380, 'isBuyerMaker': True, 'isBestMatch': True}
{'id': 83481941, 'price': '4240.38000000', 'qty': '0.69285500', 'time': 1543570902863, 'isBuyerMaker': False, 'isBestMatch': True}
{'id': 83481942, 'price': '4240.21000000', 'qty': '0.52581700', 'time': 1543570902868, 'isBuyerMaker': True, 'isBestMatch': True}
{'id': 83481943, 'price': '4240.19000000', 'qty': '0.01348200', 'time': 1543570902967, 'isBuyerMaker': True, 'isBestMatch': True}
{'id': 83481944, 'price': '4240.47000000', 'qty': '0.10000000', 'time': 1543570904488, 'isBuyerMaker': True, 'isBestMatch': True}
{'id': 83481945, 'price': '4240.47000000', 'qty': '0.01810100', 'time': 1543570904649, 'isBuyerMaker': True, 'isBestMatch': True}
{'id': 83481946, 'price': '4240.55000000', 'qty': '0.38988200', 'time': 1543570904649, 'isBuyerMaker': False, 'isBestMatch': True}
{'id': 83481947, 'price': '4240.45000000', 'qty': '0.02000000', 'time': 1543570904680, 'isBuyerMaker': True, 'isBestMatch': True}
{'id': 83481948, 'price': '4240.45000000', 'qty': '0.02999600', 'time': 1543570904847, 'isBuyerMaker': True, 'isBestMatch': True}
{'id': 83481949, 'price': '4240.45000000', 'qty': '0.00000400', 'time': 1543570905383, 'isBuyerMaker': True, 'isBestMatch': True}
{'id': 83481950, 'price': '4240.19000000', 'qty': '0.00000700', 'time': 1543570905383, 'isBuyerMaker': True, 'isBestMatch': True}
{'id': 83481951, 'price': '4240.02000000', 'qty': '0.19998900', 'time': 1543570905383, 'isBuyerMaker': True, 'isBestMatch': True}
{'id': 83481952, 'price': '4240.02000000', 'qty': '0.10000000', 'time': 1543570905431, 'isBuyerMaker': True, 'isBestMatch': True}
{'id': 83481953, 'price': '4240.02000000', 'qty': '0.00674800', 'time': 1543570905472, 'isBuyerMaker': True, 'isBestMatch': True}
{'id': 83481954, 'price': '4240.02000000', 'qty': '0.00669700', 'time': 1543570905793, 'isBuyerMaker': True, 'isBestMatch': True}
{'id': 83481955, 'price': '4240.02000000', 'qty': '0.02949500', 'time': 1543570905889, 'isBuyerMaker': True, 'isBestMatch': True}
{'id': 83481956, 'price': '4240.02000000', 'qty': '0.02018000', 'time': 1543570906011, 'isBuyerMaker': True, 'isBestMatch': True}
{'id': 83481957, 'price': '4240.02000000', 'qty': '0.10000000', 'time': 1543570906517, 'isBuyerMaker': True, 'isBestMatch': True}
{'id': 83481958, 'price': '4240.02000000', 'qty': '0.01696100', 'time': 1543570907072, 'isBuyerMaker': True, 'isBestMatch': True}
{'id': 83481959, 'price': '4240.65000000', 'qty': '0.02027100', 'time': 1543570907278, 'isBuyerMaker': False, 'isBestMatch': True}
{'id': 83481960, 'price': '4240.29000000', 'qty': '0.23278000', 'time': 1543570908245, 'isBuyerMaker': True, 'isBestMatch': True}
{'id': 83481961, 'price': '4240.04000000', 'qty': '0.20388300', 'time': 1543570908250, 'isBuyerMaker': True, 'isBestMatch': True}
{'id': 83481962, 'price': '4240.02000000', 'qty': '0.02205200', 'time': 1543570909263, 'isBuyerMaker': True, 'isBestMatch': True}
{'id': 83481963, 'price': '4240.02000000', 'qty': '0.02502400', 'time': 1543570909822, 'isBuyerMaker': True, 'isBestMatch': True}
{'id': 83481964, 'price': '4240.02000000', 'qty': '0.37231400', 'time': 1543570909895, 'isBuyerMaker': True, 'isBestMatch': True}
{'id': 83481965, 'price': '4240.02000000', 'qty': '0.08406400', 'time': 1543570909895, 'isBuyerMaker': True, 'isBestMatch': True}
{'id': 83481966, 'price': '4240.01000000', 'qty': '0.01377300', 'time': 1543570909895, 'isBuyerMaker': True, 'isBestMatch': True}
{'id': 83481967, 'price': '4240.00000000', 'qty': '0.02999100', 'time': 1543570909895, 'isBuyerMaker': True, 'isBestMatch': True}
{'id': 83481968, 'price': '4240.00000000', 'qty': '0.00980000', 'time': 1543570910019, 'isBuyerMaker': True, 'isBestMatch': True}
{'id': 83481969, 'price': '4240.00000000', 'qty': '0.00840000', 'time': 1543570910106, 'isBuyerMaker': True, 'isBestMatch': True}
{'id': 83481970, 'price': '4240.00000000', 'qty': '0.03550000', 'time': 1543570910252, 'isBuyerMaker': True, 'isBestMatch': True}
{'id': 83481971, 'price': '4240.00000000', 'qty': '0.00423200', 'time': 1543570910342, 'isBuyerMaker': True, 'isBestMatch': True}
{'id': 83481972, 'price': '4239.80000000', 'qty': '0.06210800', 'time': 1543570910342, 'isBuyerMaker': True, 'isBestMatch': True}
{'id': 83481973, 'price': '4239.80000000', 'qty': '0.01678100', 'time': 1543570910342, 'isBuyerMaker': True, 'isBestMatch': True}
{'id': 83481974, 'price': '4239.60000000', 'qty': '0.04672800', 'time': 1543570910342, 'isBuyerMaker': True, 'isBestMatch': True}
{'id': 83481975, 'price': '4239.03000000', 'qty': '0.08663000', 'time': 1543570910735, 'isBuyerMaker': False, 'isBestMatch': True}
{'id': 83481976, 'price': '4239.03000000', 'qty': '0.07078300', 'time': 1543570910856, 'isBuyerMaker': False, 'isBestMatch': True}
{'id': 83481977, 'price': '4239.03000000', 'qty': '0.00791300', 'time': 1543570910987, 'isBuyerMaker': False, 'isBestMatch': True}
{'id': 83481978, 'price': '4238.90000000', 'qty': '0.48505900', 'time': 1543570911590, 'isBuyerMaker': True, 'isBestMatch': True}
{'id': 83481979, 'price': '4238.88000000', 'qty': '0.14399700', 'time': 1543570911590, 'isBuyerMaker': True, 'isBestMatch': True}
{'id': 83481980, 'price': '4238.68000000', 'qty': '0.05000000', 'time': 1543570911590, 'isBuyerMaker': True, 'isBestMatch': True}
{'id': 83481981, 'price': '4238.52000000', 'qty': '0.02000000', 'time': 1543570911590, 'isBuyerMaker': True, 'isBestMatch': True}
{'id': 83481982, 'price': '4237.45000000', 'qty': '0.01637700', 'time': 1543570911590, 'isBuyerMaker': True, 'isBestMatch': True}
{'id': 83481983, 'price': '4237.43000000', 'qty': '0.04818100', 'time': 1543570911590, 'isBuyerMaker': True, 'isBestMatch': True}
{'id': 83481984, 'price': '4237.21000000', 'qty': '0.63492400', 'time': 1543570911590, 'isBuyerMaker': True, 'isBestMatch': True}
{'id': 83481985, 'price': '4237.21000000', 'qty': '0.07893300', 'time': 1543570912532, 'isBuyerMaker': True, 'isBestMatch': True}
{'id': 83481986, 'price': '4237.21000000', 'qty': '0.00238500', 'time': 1543570912636, 'isBuyerMaker': True, 'isBestMatch': True}
{'id': 83481987, 'price': '4237.21000000', 'qty': '0.03827700', 'time': 1543570913244, 'isBuyerMaker': True, 'isBestMatch': True}
{'id': 83481988, 'price': '4237.21000000', 'qty': '0.11551800', 'time': 1543570914870, 'isBuyerMaker': True, 'isBestMatch': True}
{'id': 83481989, 'price': '4238.86000000', 'qty': '0.00586200', 'time': 1543570915146, 'isBuyerMaker': False, 'isBestMatch': True}
{'id': 83481990, 'price': '4237.21000000', 'qty': '0.07582200', 'time': 1543570915494, 'isBuyerMaker': True, 'isBestMatch': True}
{'id': 83481991, 'price': '4237.98000000', 'qty': '0.69280300', 'time': 1543570915854, 'isBuyerMaker': True, 'isBestMatch': True}
{'id': 83481992, 'price': '4238.86000000', 'qty': '0.11370600', 'time': 1543570915856, 'isBuyerMaker': False, 'isBestMatch': True}
{'id': 83481993, 'price': '4238.88000000', 'qty': '0.05000000', 'time': 1543570916651, 'isBuyerMaker': False, 'isBestMatch': True}
{'id': 83481994, 'price': '4238.88000000', 'qty': '0.00389400', 'time': 1543570916679, 'isBuyerMaker': False, 'isBestMatch': True}
{'id': 83481995, 'price': '4238.86000000', 'qty': '0.57830600', 'time': 1543570918330, 'isBuyerMaker': False, 'isBestMatch': True}
{'id': 83481996, 'price': '4237.23000000', 'qty': '0.38472900', 'time': 1543570918549, 'isBuyerMaker': True, 'isBestMatch': True}
{'id': 83481997, 'price': '4237.85000000', 'qty': '0.49224600', 'time': 1543570921161, 'isBuyerMaker': True, 'isBestMatch': True}
{'id': 83481998, 'price': '4238.86000000', 'qty': '0.26028800', 'time': 1543570921163, 'isBuyerMaker': False, 'isBestMatch': True}
{'id': 83481999, 'price': '4239.01000000', 'qty': '0.02268100', 'time': 1543570921314, 'isBuyerMaker': False, 'isBestMatch': True}
{'id': 83482000, 'price': '4238.92000000', 'qty': '0.77873300', 'time': 1543570923909, 'isBuyerMaker': False, 'isBestMatch': True}
{'id': 83482001, 'price': '4238.99000000', 'qty': '0.53056900', 'time': 1543570923913, 'isBuyerMaker': False, 'isBestMatch': True}
{'id': 83482002, 'price': '4238.87000000', 'qty': '0.10140000', 'time': 1543570924729, 'isBuyerMaker': True, 'isBestMatch': True}
{'id': 83482003, 'price': '4238.86000000', 'qty': '0.00500000', 'time': 1543570924938, 'isBuyerMaker': True, 'isBestMatch': True}
{'id': 83482004, 'price': '4239.01000000', 'qty': '0.00778000', 'time': 1543570925061, 'isBuyerMaker': False, 'isBestMatch': True}
{'id': 83482005, 'price': '4238.86000000', 'qty': '0.00899900', 'time': 1543570925187, 'isBuyerMaker': True, 'isBestMatch': True}
{'id': 83482006, 'price': '4238.86000000', 'qty': '0.02489100', 'time': 1543570925262, 'isBuyerMaker': True, 'isBestMatch': True}
{'id': 83482007, 'price': '4238.86000000', 'qty': '0.01111000', 'time': 1543570925264, 'isBuyerMaker': True, 'isBestMatch': True}
{'id': 83482008, 'price': '4237.25000000', 'qty': '0.01717500', 'time': 1543570925264, 'isBuyerMaker': True, 'isBestMatch': True}
{'id': 83482009, 'price': '4237.25000000', 'qty': '0.03598800', 'time': 1543570925295, 'isBuyerMaker': True, 'isBestMatch': True}
{'id': 83482010, 'price': '4237.25000000', 'qty': '0.10017400', 'time': 1543570927686, 'isBuyerMaker': True, 'isBestMatch': True}
{'id': 83482011, 'price': '4237.22000000', 'qty': '0.00416500', 'time': 1543570927686, 'isBuyerMaker': True, 'isBestMatch': True}
{'id': 83482012, 'price': '4237.21000000', 'qty': '0.19171100', 'time': 1543570927686, 'isBuyerMaker': True, 'isBestMatch': True}
{'id': 83482013, 'price': '4237.90000000', 'qty': '1.03783500', 'time': 1543570928071, 'isBuyerMaker': True, 'isBestMatch': True}
{'id': 83482014, 'price': '4237.22000000', 'qty': '0.01572000', 'time': 1543570929635, 'isBuyerMaker': True, 'isBestMatch': True}
{'id': 83482015, 'price': '4237.22000000', 'qty': '0.00643700', 'time': 1543570929876, 'isBuyerMaker': True, 'isBestMatch': True}
{'id': 83482016, 'price': '4238.86000000', 'qty': '0.01789700', 'time': 1543570931773, 'isBuyerMaker': True, 'isBestMatch': True}
{'id': 83482017, 'price': '4238.86000000', 'qty': '0.02251600', 'time': 1543570931857, 'isBuyerMaker': True, 'isBestMatch': True}
{'id': 83482018, 'price': '4238.86000000', 'qty': '0.13850000', 'time': 1543570932233, 'isBuyerMaker': True, 'isBestMatch': True}
{'id': 83482019, 'price': '4238.93000000', 'qty': '0.14893100', 'time': 1543570932626, 'isBuyerMaker': False, 'isBestMatch': True}
{'id': 83482020, 'price': '4238.86000000', 'qty': '0.00005500', 'time': 1543570932802, 'isBuyerMaker': True, 'isBestMatch': True}
{'id': 83482021, 'price': '4237.22000000', 'qty': '0.00296800', 'time': 1543570932802, 'isBuyerMaker': True, 'isBestMatch': True}
{'id': 83482022, 'price': '4237.22000000', 'qty': '0.06409700', 'time': 1543570934875, 'isBuyerMaker': True, 'isBestMatch': True}
{'id': 83482023, 'price': '4238.06000000', 'qty': '1.02066900', 'time': 1543570935203, 'isBuyerMaker': False, 'isBestMatch': True}
{'id': 83482024, 'price': '4238.92000000', 'qty': '0.01735200', 'time': 1543570935443, 'isBuyerMaker': False, 'isBestMatch': True}
{'id': 83482025, 'price': '4238.93000000', 'qty': '0.15953200', 'time': 1543570935443, 'isBuyerMaker': False, 'isBestMatch': True}
{'id': 83482026, 'price': '4238.90000000', 'qty': '0.02320800', 'time': 1543570937279, 'isBuyerMaker': False, 'isBestMatch': True}
{'id': 83482027, 'price': '4238.90000000', 'qty': '0.01160400', 'time': 1543570937375, 'isBuyerMaker': False, 'isBestMatch': True}
{'id': 83482028, 'price': '4237.92000000', 'qty': '0.59258800', 'time': 1543570937562, 'isBuyerMaker': False, 'isBestMatch': True}
{'id': 83482029, 'price': '4237.92000000', 'qty': '0.40018200', 'time': 1543570937562, 'isBuyerMaker': False, 'isBestMatch': True}
{'id': 83482030, 'price': '4237.92000000', 'qty': '0.37866000', 'time': 1543570938297, 'isBuyerMaker': True, 'isBestMatch': True}
{'id': 83482031, 'price': '4237.92000000', 'qty': '0.07695100', 'time': 1543570938300, 'isBuyerMaker': True, 'isBestMatch': True}
{'id': 83482032, 'price': '4237.92000000', 'qty': '0.05016000', 'time': 1543570938406, 'isBuyerMaker': True, 'isBestMatch': True}
{'id': 83482033, 'price': '4237.92000000', 'qty': '0.00242000', 'time': 1543570938506, 'isBuyerMaker': True, 'isBestMatch': True}
{'id': 83482034, 'price': '4237.25000000', 'qty': '0.05666900', 'time': 1543570939192, 'isBuyerMaker': True, 'isBestMatch': True}
{'id': 83482035, 'price': '4237.25000000', 'qty': '0.08483700', 'time': 1543570939282, 'isBuyerMaker': True, 'isBestMatch': True}
{'id': 83482036, 'price': '4238.88000000', 'qty': '0.10000000', 'time': 1543570939381, 'isBuyerMaker': False, 'isBestMatch': True}
{'id': 83482037, 'price': '4237.25000000', 'qty': '0.03397100', 'time': 1543570939453, 'isBuyerMaker': True, 'isBestMatch': True}
{'id': 83482038, 'price': '4238.88000000', 'qty': '0.03245000', 'time': 1543570939655, 'isBuyerMaker': False, 'isBestMatch': True}
{'id': 83482039, 'price': '4238.88000000', 'qty': '0.00000300', 'time': 1543570939662, 'isBuyerMaker': False, 'isBestMatch': True}
{'id': 83482040, 'price': '4238.92000000', 'qty': '0.34797700', 'time': 1543570939662, 'isBuyerMaker': False, 'isBestMatch': True}
{'id': 83482041, 'price': '4239.01000000', 'qty': '0.05053900', 'time': 1543570939675, 'isBuyerMaker': False, 'isBestMatch': True}
{'id': 83482042, 'price': '4239.01000000', 'qty': '0.09766900', 'time': 1543570939675, 'isBuyerMaker': False, 'isBestMatch': True}
{'id': 83482043, 'price': '4239.02000000', 'qty': '0.85179200', 'time': 1543570939675, 'isBuyerMaker': False, 'isBestMatch': True}
{'id': 83482044, 'price': '4239.02000000', 'qty': '0.14820800', 'time': 1543570939733, 'isBuyerMaker': False, 'isBestMatch': True}
{'id': 83482045, 'price': '4239.49000000', 'qty': '0.52415100', 'time': 1543570939733, 'isBuyerMaker': False, 'isBestMatch': True}
{'id': 83482046, 'price': '4240.00000000', 'qty': '0.11841700', 'time': 1543570939733, 'isBuyerMaker': False, 'isBestMatch': True}
{'id': 83482047, 'price': '4240.17000000', 'qty': '0.05590000', 'time': 1543570939762, 'isBuyerMaker': False, 'isBestMatch': True}
{'id': 83482048, 'price': '4240.17000000', 'qty': '0.05450000', 'time': 1543570939762, 'isBuyerMaker': False, 'isBestMatch': True}
{'id': 83482049, 'price': '4240.17000000', 'qty': '0.03940000', 'time': 1543570939762, 'isBuyerMaker': False, 'isBestMatch': True}
{'id': 83482050, 'price': '4237.26000000', 'qty': '0.30230700', 'time': 1543570939829, 'isBuyerMaker': True, 'isBestMatch': True}
{'id': 83482051, 'price': '4240.16000000', 'qty': '0.33869900', 'time': 1543570939861, 'isBuyerMaker': False, 'isBestMatch': True}
{'id': 83482052, 'price': '4240.65000000', 'qty': '0.19175100', 'time': 1543570939897, 'isBuyerMaker': False, 'isBestMatch': True}
{'id': 83482053, 'price': '4240.65000000', 'qty': '0.20075200', 'time': 1543570939923, 'isBuyerMaker': False, 'isBestMatch': True}
{'id': 83482054, 'price': '4240.65000000', 'qty': '0.15033700', 'time': 1543570939945, 'isBuyerMaker': False, 'isBestMatch': True}
{'id': 83482055, 'price': '4240.65000000', 'qty': '0.43688900', 'time': 1543570939964, 'isBuyerMaker': False, 'isBestMatch': True}
{'id': 83482056, 'price': '4240.73000000', 'qty': '0.00772000', 'time': 1543570939977, 'isBuyerMaker': False, 'isBestMatch': True}
{'id': 83482057, 'price': '4240.65000000', 'qty': '0.04999300', 'time': 1543570940083, 'isBuyerMaker': True, 'isBestMatch': True}
{'id': 83482058, 'price': '4241.85000000', 'qty': '0.33881300', 'time': 1543570940197, 'isBuyerMaker': False, 'isBestMatch': True}
{'id': 83482059, 'price': '4241.94000000', 'qty': '0.03132600', 'time': 1543570940197, 'isBuyerMaker': False, 'isBestMatch': True}
{'id': 83482060, 'price': '4241.50000000', 'qty': '1.64252600', 'time': 1543570940197, 'isBuyerMaker': True, 'isBestMatch': True}
{'id': 83482061, 'price': '4240.65000000', 'qty': '0.01520700', 'time': 1543570940197, 'isBuyerMaker': True, 'isBestMatch': True}
{'id': 83482062, 'price': '4240.65000000', 'qty': '0.16000000', 'time': 1543570940231, 'isBuyerMaker': True, 'isBestMatch': True}
{'id': 83482063, 'price': '4240.65000000', 'qty': '0.31764000', 'time': 1543570940235, 'isBuyerMaker': True, 'isBestMatch': True}
{'id': 83482064, 'price': '4240.65000000', 'qty': '0.54284000', 'time': 1543570940235, 'isBuyerMaker': True, 'isBestMatch': True}
{'id': 83482065, 'price': '4239.02000000', 'qty': '0.02436200', 'time': 1543570940402, 'isBuyerMaker': True, 'isBestMatch': True}
{'id': 83482066, 'price': '4239.02000000', 'qty': '0.05999400', 'time': 1543570940524, 'isBuyerMaker': True, 'isBestMatch': True}
{'id': 83482067, 'price': '4239.02000000', 'qty': '0.10059100', 'time': 1543570940524, 'isBuyerMaker': True, 'isBestMatch': True}
{'id': 83482068, 'price': '4239.02000000', 'qty': '0.01410000', 'time': 1543570940620, 'isBuyerMaker': True, 'isBestMatch': True}
{'id': 83482069, 'price': '4240.64000000', 'qty': '0.10000000', 'time': 1543570941089, 'isBuyerMaker': False, 'isBestMatch': True}
{'id': 83482070, 'price': '4240.65000000', 'qty': '0.10000000', 'time': 1543570941089, 'isBuyerMaker': False, 'isBestMatch': True}
{'id': 83482071, 'price': '4240.41000000', 'qty': '0.73019000', 'time': 1543570942053, 'isBuyerMaker': True, 'isBestMatch': True}
{'id': 83482072, 'price': '4241.50000000', 'qty': '0.20677600', 'time': 1543570942056, 'isBuyerMaker': False, 'isBestMatch': True}
{'id': 83482073, 'price': '4241.52000000', 'qty': '0.05000000', 'time': 1543570942119, 'isBuyerMaker': False, 'isBestMatch': True}
{'id': 83482074, 'price': '4242.84000000', 'qty': '0.48000000', 'time': 1543570942228, 'isBuyerMaker': False, 'isBestMatch': True}
{'id': 83482075, 'price': '4242.87000000', 'qty': '0.30000000', 'time': 1543570942240, 'isBuyerMaker': False, 'isBestMatch': True}
{'id': 83482076, 'price': '4242.96000000', 'qty': '0.50000000', 'time': 1543570942240, 'isBuyerMaker': False, 'isBestMatch': True}
{'id': 83482077, 'price': '4242.96000000', 'qty': '0.50000000', 'time': 1543570942251, 'isBuyerMaker': False, 'isBestMatch': True}
{'id': 83482078, 'price': '4242.97000000', 'qty': '0.30000000', 'time': 1543570942251, 'isBuyerMaker': False, 'isBestMatch': True}
{'id': 83482079, 'price': '4241.50000000', 'qty': '0.02350200', 'time': 1543570942309, 'isBuyerMaker': True, 'isBestMatch': True}
{'id': 83482080, 'price': '4242.97000000', 'qty': '0.50000000', 'time': 1543570942346, 'isBuyerMaker': False, 'isBestMatch': True}
{'id': 83482081, 'price': '4243.00000000', 'qty': '0.50000000', 'time': 1543570942346, 'isBuyerMaker': False, 'isBestMatch': True}
{'id': 83482082, 'price': '4241.50000000', 'qty': '0.10393900', 'time': 1543570942464, 'isBuyerMaker': True, 'isBestMatch': True}
{'id': 83482083, 'price': '4241.50000000', 'qty': '0.07933500', 'time': 1543570942572, 'isBuyerMaker': True, 'isBestMatch': True}
{'id': 83482084, 'price': '4241.50000000', 'qty': '0.03244700', 'time': 1543570942572, 'isBuyerMaker': True, 'isBestMatch': True}
{'id': 83482085, 'price': '4241.51000000', 'qty': '0.10000000', 'time': 1543570942962, 'isBuyerMaker': True, 'isBestMatch': True}
{'id': 83482086, 'price': '4241.55000000', 'qty': '0.03595000', 'time': 1543570943816, 'isBuyerMaker': True, 'isBestMatch': True}
{'id': 83482087, 'price': '4241.55000000', 'qty': '0.03610000', 'time': 1543570944001, 'isBuyerMaker': True, 'isBestMatch': True}
{'id': 83482088, 'price': '4241.57000000', 'qty': '0.00458600', 'time': 1543570944174, 'isBuyerMaker': True, 'isBestMatch': True}
{'id': 83482089, 'price': '4241.58000000', 'qty': '0.00605400', 'time': 1543570944929, 'isBuyerMaker': True, 'isBestMatch': True}
{'id': 83482090, 'price': '4241.60000000', 'qty': '0.03440000', 'time': 1543570945493, 'isBuyerMaker': True, 'isBestMatch': True}
{'id': 83482091, 'price': '4243.28000000', 'qty': '0.38171100', 'time': 1543570945623, 'isBuyerMaker': False, 'isBestMatch': True}
{'id': 83482092, 'price': '4244.59000000', 'qty': '0.10000000', 'time': 1543570946772, 'isBuyerMaker': False, 'isBestMatch': True}
{'id': 83482093, 'price': '4244.60000000', 'qty': '0.00620000', 'time': 1543570946772, 'isBuyerMaker': False, 'isBestMatch': True}
{'id': 83482094, 'price': '4244.62000000', 'qty': '0.27717700', 'time': 1543570946772, 'isBuyerMaker': False, 'isBestMatch': True}
{'id': 83482095, 'price': '4244.67000000', 'qty': '0.30000000', 'time': 1543570946772, 'isBuyerMaker': False, 'isBestMatch': True}
{'id': 83482096, 'price': '4244.70000000', 'qty': '1.00000000', 'time': 1543570946772, 'isBuyerMaker': False, 'isBestMatch': True}
{'id': 83482097, 'price': '4245.00000000', 'qty': '0.40441200', 'time': 1543570946772, 'isBuyerMaker': False, 'isBestMatch': True}
{'id': 83482098, 'price': '4242.76000000', 'qty': '0.01000000', 'time': 1543570947297, 'isBuyerMaker': False, 'isBestMatch': True}
{'id': 83482099, 'price': '4242.95000000', 'qty': '1.28422900', 'time': 1543570948212, 'isBuyerMaker': False, 'isBestMatch': True}
{'id': 83482100, 'price': '4241.69000000', 'qty': '0.13352200', 'time': 1543570948220, 'isBuyerMaker': True, 'isBestMatch': True}
{'id': 83482101, 'price': '4241.73000000', 'qty': '0.15313600', 'time': 1543570950161, 'isBuyerMaker': True, 'isBestMatch': True}
{'id': 83482102, 'price': '4242.95000000', 'qty': '0.00502000', 'time': 1543570950495, 'isBuyerMaker': True, 'isBestMatch': True}
{'id': 83482103, 'price': '4240.98000000', 'qty': '0.40179700', 'time': 1543570952112, 'isBuyerMaker': False, 'isBestMatch': True}
{'id': 83482104, 'price': '4239.26000000', 'qty': '0.02107000', 'time': 1543570953539, 'isBuyerMaker': True, 'isBestMatch': True}
{'id': 83482105, 'price': '4239.26000000', 'qty': '0.08026900', 'time': 1543570954275, 'isBuyerMaker': True, 'isBestMatch': True}
{'id': 83482106, 'price': '4240.36000000', 'qty': '0.37031400', 'time': 1543570956269, 'isBuyerMaker': False, 'isBestMatch': True}
{'id': 83482107, 'price': '4239.29000000', 'qty': '0.02414800', 'time': 1543570957254, 'isBuyerMaker': True, 'isBestMatch': True}
{'id': 83482108, 'price': '4239.29000000', 'qty': '0.04199300', 'time': 1543570957295, 'isBuyerMaker': True, 'isBestMatch': True}
{'id': 83482109, 'price': '4239.31000000', 'qty': '0.01015700', 'time': 1543570958573, 'isBuyerMaker': True, 'isBestMatch': True}
{'id': 83482110, 'price': '4239.33000000', 'qty': '0.03320500', 'time': 1543570959517, 'isBuyerMaker': True, 'isBestMatch': True}
{'id': 83482111, 'price': '4239.33000000', 'qty': '0.02110500', 'time': 1543570959517, 'isBuyerMaker': True, 'isBestMatch': True}
{'id': 83482112, 'price': '4239.37000000', 'qty': '0.04140200', 'time': 1543570961424, 'isBuyerMaker': True, 'isBestMatch': True}
{'id': 83482113, 'price': '4240.88000000', 'qty': '0.55677400', 'time': 1543570962213, 'isBuyerMaker': False, 'isBestMatch': True}
{'id': 83482114, 'price': '4241.52000000', 'qty': '0.22500800', 'time': 1543570962297, 'isBuyerMaker': False, 'isBestMatch': True}
{'id': 83482115, 'price': '4241.53000000', 'qty': '0.27959600', 'time': 1543570962297, 'isBuyerMaker': False, 'isBestMatch': True}
{'id': 83482116, 'price': '4241.59000000', 'qty': '0.12592100', 'time': 1543570962297, 'isBuyerMaker': False, 'isBestMatch': True}
{'id': 83482117, 'price': '4241.58000000', 'qty': '0.40000000', 'time': 1543570963248, 'isBuyerMaker': False, 'isBestMatch': True}
{'id': 83482118, 'price': '4241.58000000', 'qty': '0.01800000', 'time': 1543570963715, 'isBuyerMaker': False, 'isBestMatch': True}
{'id': 83482119, 'price': '4239.44000000', 'qty': '0.03294300', 'time': 1543570963851, 'isBuyerMaker': True, 'isBestMatch': True}
{'id': 83482120, 'price': '4239.46000000', 'qty': '0.00558100', 'time': 1543570964362, 'isBuyerMaker': True, 'isBestMatch': True}
{'id': 83482121, 'price': '4240.32000000', 'qty': '0.84824600', 'time': 1543570964640, 'isBuyerMaker': False, 'isBestMatch': True}
{'id': 83482122, 'price': '4239.46000000', 'qty': '0.00280900', 'time': 1543570964726, 'isBuyerMaker': True, 'isBestMatch': True}
{'id': 83482123, 'price': '4241.58000000', 'qty': '0.00281600', 'time': 1543570965734, 'isBuyerMaker': False, 'isBestMatch': True}
{'id': 83482124, 'price': '4239.49000000', 'qty': '0.14404900', 'time': 1543570966300, 'isBuyerMaker': True, 'isBestMatch': True}
{'id': 83482125, 'price': '4239.53000000', 'qty': '0.15324400', 'time': 1543570966832, 'isBuyerMaker': True, 'isBestMatch': True}
{'id': 83482126, 'price': '4239.52000000', 'qty': '0.04631100', 'time': 1543570966832, 'isBuyerMaker': True, 'isBestMatch': True}
{'id': 83482127, 'price': '4241.58000000', 'qty': '0.00561700', 'time': 1543570966926, 'isBuyerMaker': False, 'isBestMatch': True}
{'id': 83482128, 'price': '4241.58000000', 'qty': '0.01694100', 'time': 1543570967080, 'isBuyerMaker': True, 'isBestMatch': True}
{'id': 83482129, 'price': '4241.58000000', 'qty': '0.14980000', 'time': 1543570967199, 'isBuyerMaker': True, 'isBestMatch': True}
{'id': 83482130, 'price': '4241.58000000', 'qty': '0.00877500', 'time': 1543570967273, 'isBuyerMaker': True, 'isBestMatch': True}
{'id': 83482131, 'price': '4241.58000000', 'qty': '0.06221700', 'time': 1543570967305, 'isBuyerMaker': True, 'isBestMatch': True}
{'id': 83482132, 'price': '4241.58000000', 'qty': '0.02775900', 'time': 1543570967410, 'isBuyerMaker': True, 'isBestMatch': True}
{'id': 83482133, 'price': '4241.59000000', 'qty': '0.10000000', 'time': 1543570967724, 'isBuyerMaker': False, 'isBestMatch': True}
{'id': 83482134, 'price': '4241.58000000', 'qty': '0.01546600', 'time': 1543570967796, 'isBuyerMaker': True, 'isBestMatch': True}
{'id': 83482135, 'price': '4241.58000000', 'qty': '0.08253600', 'time': 1543570967813, 'isBuyerMaker': True, 'isBestMatch': True}
{'id': 83482136, 'price': '4241.58000000', 'qty': '0.09996700', 'time': 1543570968226, 'isBuyerMaker': True, 'isBestMatch': True}
{'id': 83482137, 'price': '4241.58000000', 'qty': '0.08790000', 'time': 1543570968293, 'isBuyerMaker': True, 'isBestMatch': True}
{'id': 83482138, 'price': '4241.58000000', 'qty': '0.00001400', 'time': 1543570969411, 'isBuyerMaker': True, 'isBestMatch': True}
{'id': 83482139, 'price': '4239.53000000', 'qty': '0.15324400', 'time': 1543570969411, 'isBuyerMaker': True, 'isBestMatch': True}
{'id': 83482140, 'price': '4239.52000000', 'qty': '0.16400700', 'time': 1543570969411, 'isBuyerMaker': True, 'isBestMatch': True}
{'id': 83482141, 'price': '4239.53000000', 'qty': '0.10000000', 'time': 1543570969555, 'isBuyerMaker': True, 'isBestMatch': True}
{'id': 83482142, 'price': '4239.53000000', 'qty': '0.05324400', 'time': 1543570969588, 'isBuyerMaker': True, 'isBestMatch': True}
{'id': 83482143, 'price': '4241.53000000', 'qty': '0.00358000', 'time': 1543570970101, 'isBuyerMaker': False, 'isBestMatch': True}
{'id': 83482144, 'price': '4239.01000000', 'qty': '0.91420800', 'time': 1543570970827, 'isBuyerMaker': False, 'isBestMatch': True}
{'id': 83482145, 'price': '4241.52000000', 'qty': '0.00281800', 'time': 1543570970929, 'isBuyerMaker': False, 'isBestMatch': True}
{'id': 83482146, 'price': '4241.36000000', 'qty': '0.34500300', 'time': 1543570973408, 'isBuyerMaker': False, 'isBestMatch': True}
{'id': 83482147, 'price': '4241.36000000', 'qty': '0.06760900', 'time': 1543570973408, 'isBuyerMaker': False, 'isBestMatch': True}
{'id': 83482148, 'price': '4239.38000000', 'qty': '0.76164700', 'time': 1543570973806, 'isBuyerMaker': True, 'isBestMatch': True}
{'id': 83482149, 'price': '4241.36000000', 'qty': '0.01607700', 'time': 1543570974103, 'isBuyerMaker': False, 'isBestMatch': True}
{'id': 83482150, 'price': '4239.33000000', 'qty': '0.66787000', 'time': 1543570975648, 'isBuyerMaker': True, 'isBestMatch': True}
{'id': 83482151, 'price': '4241.33000000', 'qty': '0.13079900', 'time': 1543570976758, 'isBuyerMaker': False, 'isBestMatch': True}
{'id': 83482152, 'price': '4238.29000000', 'qty': '0.15325300', 'time': 1543570977945, 'isBuyerMaker': True, 'isBestMatch': True}
{'id': 83482153, 'price': '4238.28000000', 'qty': '0.03009800', 'time': 1543570977945, 'isBuyerMaker': True, 'isBestMatch': True}
{'id': 83482154, 'price': '4239.79000000', 'qty': '0.90075600', 'time': 1543570978659, 'isBuyerMaker': False, 'isBestMatch': True}
{'id': 83482155, 'price': '4241.31000000', 'qty': '0.07725700', 'time': 1543570979744, 'isBuyerMaker': False, 'isBestMatch': True}
{'id': 83482156, 'price': '4239.31000000', 'qty': '0.11250300', 'time': 1543570981533, 'isBuyerMaker': False, 'isBestMatch': True}
{'id': 83482157, 'price': '4239.24000000', 'qty': '0.04371300', 'time': 1543570983124, 'isBuyerMaker': True, 'isBestMatch': True}
{'id': 83482158, 'price': '4240.09000000', 'qty': '0.37487400', 'time': 1543570984361, 'isBuyerMaker': True, 'isBestMatch': True}
{'id': 83482159, 'price': '4240.00000000', 'qty': '0.04294600', 'time': 1543570986179, 'isBuyerMaker': True, 'isBestMatch': True}
{'id': 83482160, 'price': '4240.57000000', 'qty': '0.71121200', 'time': 1543570987454, 'isBuyerMaker': False, 'isBestMatch': True}
{'id': 83482161, 'price': '4240.02000000', 'qty': '0.45097000', 'time': 1543570990505, 'isBuyerMaker': True, 'isBestMatch': True}
{'id': 83482162, 'price': '4240.02000000', 'qty': '0.02167200', 'time': 1543570990735, 'isBuyerMaker': True, 'isBestMatch': True}
{'id': 83482163, 'price': '4240.02000000', 'qty': '0.06501600', 'time': 1543570990742, 'isBuyerMaker': True, 'isBestMatch': True}
{'id': 83482164, 'price': '4241.23000000', 'qty': '0.02810000', 'time': 1543570990990, 'isBuyerMaker': False, 'isBestMatch': True}
{'id': 83482165, 'price': '4241.24000000', 'qty': '0.20650500', 'time': 1543570990990, 'isBuyerMaker': False, 'isBestMatch': True}
{'id': 83482166, 'price': '4241.37000000', 'qty': '0.08000000', 'time': 1543570990990, 'isBuyerMaker': False, 'isBestMatch': True}
{'id': 83482167, 'price': '4240.03000000', 'qty': '0.05663200', 'time': 1543570991085, 'isBuyerMaker': True, 'isBestMatch': True}
{'id': 83482168, 'price': '4240.03000000', 'qty': '0.80525900', 'time': 1543570991203, 'isBuyerMaker': True, 'isBestMatch': True}
{'id': 83482169, 'price': '4241.13000000', 'qty': '0.57297100', 'time': 1543570991321, 'isBuyerMaker': True, 'isBestMatch': True}
{'id': 83482170, 'price': '4240.04000000', 'qty': '0.03009700', 'time': 1543570991405, 'isBuyerMaker': True, 'isBestMatch': True}
{'id': 83482171, 'price': '4240.04000000', 'qty': '0.00252100', 'time': 1543570991943, 'isBuyerMaker': True, 'isBestMatch': True}
{'id': 83482172, 'price': '4240.04000000', 'qty': '0.01220600', 'time': 1543570992061, 'isBuyerMaker': True, 'isBestMatch': True}
{'id': 83482173, 'price': '4241.57000000', 'qty': '0.44133300', 'time': 1543570993548, 'isBuyerMaker': False, 'isBestMatch': True}
{'id': 83482174, 'price': '4240.86000000', 'qty': '0.61577200', 'time': 1543570993553, 'isBuyerMaker': True, 'isBestMatch': True}
{'id': 83482175, 'price': '4240.08000000', 'qty': '0.16860200', 'time': 1543570994771, 'isBuyerMaker': True, 'isBestMatch': True}
{'id': 83482176, 'price': '4241.57000000', 'qty': '0.00298700', 'time': 1543570995243, 'isBuyerMaker': False, 'isBestMatch': True}
{'id': 83482177, 'price': '4241.57000000', 'qty': '0.10000000', 'time': 1543570995607, 'isBuyerMaker': False, 'isBestMatch': True}
{'id': 83482178, 'price': '4241.57000000', 'qty': '0.10000000', 'time': 1543570995618, 'isBuyerMaker': False, 'isBestMatch': True}
{'id': 83482179, 'price': '4241.57000000', 'qty': '0.10000000', 'time': 1543570995625, 'isBuyerMaker': False, 'isBestMatch': True}
{'id': 83482180, 'price': '4241.57000000', 'qty': '0.10000000', 'time': 1543570995647, 'isBuyerMaker': False, 'isBestMatch': True}
{'id': 83482181, 'price': '4241.57000000', 'qty': '0.10000000', 'time': 1543570995653, 'isBuyerMaker': False, 'isBestMatch': True}
{'id': 83482182, 'price': '4241.57000000', 'qty': '0.10000000', 'time': 1543570995666, 'isBuyerMaker': False, 'isBestMatch': True}
{'id': 83482183, 'price': '4241.57000000', 'qty': '0.05074700', 'time': 1543570995736, 'isBuyerMaker': False, 'isBestMatch': True}
{'id': 83482184, 'price': '4241.59000000', 'qty': '0.07991000', 'time': 1543570995736, 'isBuyerMaker': False, 'isBestMatch': True}
{'id': 83482185, 'price': '4240.61000000', 'qty': '0.89561600', 'time': 1543570995823, 'isBuyerMaker': False, 'isBestMatch': True}
{'id': 83482186, 'price': '4240.40000000', 'qty': '0.06322000', 'time': 1543570996199, 'isBuyerMaker': True, 'isBestMatch': True}
{'id': 83482187, 'price': '4241.59000000', 'qty': '0.08138000', 'time': 1543570996228, 'isBuyerMaker': False, 'isBestMatch': True}
{'id': 83482188, 'price': '4241.59000000', 'qty': '0.00000100', 'time': 1543570996268, 'isBuyerMaker': False, 'isBestMatch': True}
{'id': 83482189, 'price': '4243.00000000', 'qty': '0.01921500', 'time': 1543570997061, 'isBuyerMaker': False, 'isBestMatch': True}
{'id': 83482190, 'price': '4244.00000000', 'qty': '0.02956700', 'time': 1543570998777, 'isBuyerMaker': False, 'isBestMatch': True}
{'id': 83482191, 'price': '4244.00000000', 'qty': '1.00000000', 'time': 1543570998777, 'isBuyerMaker': False, 'isBestMatch': True}
{'id': 83482192, 'price': '4244.42000000', 'qty': '0.33866600', 'time': 1543570998777, 'isBuyerMaker': False, 'isBestMatch': True}
{'id': 83482193, 'price': '4244.42000000', 'qty': '0.10000000', 'time': 1543570998777, 'isBuyerMaker': False, 'isBestMatch': True}
{'id': 83482194, 'price': '4244.43000000', 'qty': '1.00000000', 'time': 1543570998777, 'isBuyerMaker': False, 'isBestMatch': True}
{'id': 83482195, 'price': '4244.64000000', 'qty': '0.14667300', 'time': 1543570998777, 'isBuyerMaker': False, 'isBestMatch': True}
{'id': 83482196, 'price': '4243.00000000', 'qty': '0.01220700', 'time': 1543570998852, 'isBuyerMaker': True, 'isBestMatch': True}
{'id': 83482197, 'price': '4243.00000000', 'qty': '0.14996500', 'time': 1543570998939, 'isBuyerMaker': True, 'isBestMatch': True}
{'id': 83482198, 'price': '4243.00000000', 'qty': '0.10085800', 'time': 1543570999052, 'isBuyerMaker': True, 'isBestMatch': True}
{'id': 83482199, 'price': '4243.00000000', 'qty': '0.00001700', 'time': 1543570999332, 'isBuyerMaker': True, 'isBestMatch': True}
{'id': 83482200, 'price': '4241.02000000', 'qty': '0.01007100', 'time': 1543570999332, 'isBuyerMaker': True, 'isBestMatch': True}
{'id': 83482201, 'price': '4241.03000000', 'qty': '0.05263800', 'time': 1543570999502, 'isBuyerMaker': True, 'isBestMatch': True}
{'id': 83482202, 'price': '4242.59000000', 'qty': '0.14566700', 'time': 1543570999988, 'isBuyerMaker': False, 'isBestMatch': True}
{'id': 83482203, 'price': '4241.09000000', 'qty': '0.01887300', 'time': 1543571001297, 'isBuyerMaker': True, 'isBestMatch': True}
{'id': 83482204, 'price': '4241.78000000', 'qty': '0.14990500', 'time': 1543571002354, 'isBuyerMaker': True, 'isBestMatch': True}
{'id': 83482205, 'price': '4242.98000000', 'qty': '0.12824700', 'time': 1543571002359, 'isBuyerMaker': False, 'isBestMatch': True}
{'id': 83482206, 'price': '4241.13000000', 'qty': '0.00590600', 'time': 1543571003643, 'isBuyerMaker': True, 'isBestMatch': True}
{'id': 83482207, 'price': '4241.14000000', 'qty': '0.02458800', 'time': 1543571004393, 'isBuyerMaker': True, 'isBestMatch': True}
{'id': 83482208, 'price': '4241.14000000', 'qty': '0.00592700', 'time': 1543571004583, 'isBuyerMaker': True, 'isBestMatch': True}
{'id': 83482209, 'price': '4242.27000000', 'qty': '1.44949300', 'time': 1543571004624, 'isBuyerMaker': False, 'isBestMatch': True}
{'id': 83482210, 'price': '4241.14000000', 'qty': '0.09710100', 'time': 1543571005234, 'isBuyerMaker': True, 'isBestMatch': True}
{'id': 83482211, 'price': '4242.99000000', 'qty': '0.05109000', 'time': 1543571006713, 'isBuyerMaker': False, 'isBestMatch': True}
{'id': 83482212, 'price': '4243.00000000', 'qty': '0.45322800', 'time': 1543571006713, 'isBuyerMaker': False, 'isBestMatch': True}
{'id': 83482213, 'price': '4241.16000000', 'qty': '0.33287600', 'time': 1543571007184, 'isBuyerMaker': True, 'isBestMatch': True}
{'id': 83482214, 'price': '4241.79000000', 'qty': '0.67157500', 'time': 1543571007187, 'isBuyerMaker': False, 'isBestMatch': True}
{'id': 83482215, 'price': '4241.17000000', 'qty': '0.02017300', 'time': 1543571008094, 'isBuyerMaker': True, 'isBestMatch': True}
{'id': 83482216, 'price': '4241.17000000', 'qty': '0.02017300', 'time': 1543571008193, 'isBuyerMaker': True, 'isBestMatch': True}
{'id': 83482217, 'price': '4241.17000000', 'qty': '0.05169300', 'time': 1543571009683, 'isBuyerMaker': True, 'isBestMatch': True}
{'id': 83482218, 'price': '4241.20000000', 'qty': '0.10343500', 'time': 1543571009893, 'isBuyerMaker': True, 'isBestMatch': True}
{'id': 83482219, 'price': '4241.20000000', 'qty': '0.02017500', 'time': 1543571010612, 'isBuyerMaker': True, 'isBestMatch': True}
{'id': 83482220, 'price': '4242.46000000', 'qty': '0.38226200', 'time': 1543571010828, 'isBuyerMaker': True, 'isBestMatch': True}
{'id': 83482221, 'price': '4241.20000000', 'qty': '0.01052700', 'time': 1543571010829, 'isBuyerMaker': True, 'isBestMatch': True}
{'id': 83482222, 'price': '4241.23000000', 'qty': '0.02004700', 'time': 1543571014146, 'isBuyerMaker': True, 'isBestMatch': True}
{'id': 83482223, 'price': '4241.83000000', 'qty': '1.02604200', 'time': 1543571014199, 'isBuyerMaker': False, 'isBestMatch': True}
{'id': 83482224, 'price': '4241.23000000', 'qty': '0.13314600', 'time': 1543571014408, 'isBuyerMaker': True, 'isBestMatch': True}
{'id': 83482225, 'price': '4241.22000000', 'qty': '0.61631900', 'time': 1543571014408, 'isBuyerMaker': True, 'isBestMatch': True}
{'id': 83482226, 'price': '4241.03000000', 'qty': '0.17533700', 'time': 1543571014573, 'isBuyerMaker': False, 'isBestMatch': True}
{'id': 83482227, 'price': '4242.99000000', 'qty': '0.02017300', 'time': 1543571014573, 'isBuyerMaker': False, 'isBestMatch': True}
{'id': 83482228, 'price': '4242.99000000', 'qty': '0.33449000', 'time': 1543571014573, 'isBuyerMaker': False, 'isBestMatch': True}
{'id': 83482229, 'price': '4241.43000000', 'qty': '0.30191100', 'time': 1543571016585, 'isBuyerMaker': False, 'isBestMatch': True}
{'id': 83482230, 'price': '4242.95000000', 'qty': '0.30639000', 'time': 1543571017108, 'isBuyerMaker': False, 'isBestMatch': True}
{'id': 83482231, 'price': '4240.45000000', 'qty': '0.01887500', 'time': 1543571017445, 'isBuyerMaker': True, 'isBestMatch': True}
{'id': 83482232, 'price': '4242.95000000', 'qty': '0.05280600', 'time': 1543571017549, 'isBuyerMaker': False, 'isBestMatch': True}
{'id': 83482233, 'price': '4242.96000000', 'qty': '0.13789900', 'time': 1543571017549, 'isBuyerMaker': False, 'isBestMatch': True}
{'id': 83482234, 'price': '4242.99000000', 'qty': '0.06152300', 'time': 1543571017549, 'isBuyerMaker': False, 'isBestMatch': True}
{'id': 83482235, 'price': '4242.91000000', 'qty': '0.00556200', 'time': 1543571017961, 'isBuyerMaker': False, 'isBestMatch': True}
{'id': 83482236, 'price': '4240.47000000', 'qty': '0.02190200', 'time': 1543571018057, 'isBuyerMaker': True, 'isBestMatch': True}
{'id': 83482237, 'price': '4242.09000000', 'qty': '1.12360300', 'time': 1543571018854, 'isBuyerMaker': True, 'isBestMatch': True}
{'id': 83482238, 'price': '4240.49000000', 'qty': '0.00960000', 'time': 1543571018971, 'isBuyerMaker': True, 'isBestMatch': True}
{'id': 83482239, 'price': '4242.91000000', 'qty': '0.01331300', 'time': 1543571019393, 'isBuyerMaker': False, 'isBestMatch': True}
{'id': 83482240, 'price': '4242.91000000', 'qty': '0.04409000', 'time': 1543571019393, 'isBuyerMaker': False, 'isBestMatch': True}
{'id': 83482241, 'price': '4240.51000000', 'qty': '0.01532000', 'time': 1543571019790, 'isBuyerMaker': True, 'isBestMatch': True}
{'id': 83482242, 'price': '4240.51000000', 'qty': '0.06390900', 'time': 1543571020720, 'isBuyerMaker': True, 'isBestMatch': True}
{'id': 83482243, 'price': '4240.53000000', 'qty': '0.02809900', 'time': 1543571022186, 'isBuyerMaker': True, 'isBestMatch': True}
{'id': 83482244, 'price': '4240.55000000', 'qty': '0.06658200', 'time': 1543571022425, 'isBuyerMaker': True, 'isBestMatch': True}
{'id': 83482245, 'price': '4240.55000000', 'qty': '0.06307700', 'time': 1543571022611, 'isBuyerMaker': True, 'isBestMatch': True}
{'id': 83482246, 'price': '4241.94000000', 'qty': '0.54036100', 'time': 1543571022658, 'isBuyerMaker': False, 'isBestMatch': True}
{'id': 83482247, 'price': '4240.55000000', 'qty': '0.00727500', 'time': 1543571022911, 'isBuyerMaker': True, 'isBestMatch': True}
{'id': 83482248, 'price': '4240.57000000', 'qty': '0.15319800', 'time': 1543571023409, 'isBuyerMaker': True, 'isBestMatch': True}
{'id': 83482249, 'price': '4240.56000000', 'qty': '0.12332500', 'time': 1543571023409, 'isBuyerMaker': True, 'isBestMatch': True}
{'id': 83482250, 'price': '4240.56000000', 'qty': '0.00325200', 'time': 1543571023415, 'isBuyerMaker': True, 'isBestMatch': True}
{'id': 83482251, 'price': '4242.87000000', 'qty': '0.02050800', 'time': 1543571023491, 'isBuyerMaker': False, 'isBestMatch': True}
{'id': 83482252, 'price': '4240.57000000', 'qty': '0.01887500', 'time': 1543571024051, 'isBuyerMaker': True, 'isBestMatch': True}
{'id': 83482253, 'price': '4240.57000000', 'qty': '0.00564200', 'time': 1543571024252, 'isBuyerMaker': True, 'isBestMatch': True}
{'id': 83482254, 'price': '4240.57000000', 'qty': '0.01768100', 'time': 1543571024332, 'isBuyerMaker': True, 'isBestMatch': True}
{'id': 83482255, 'price': '4240.57000000', 'qty': '0.11100000', 'time': 1543571024440, 'isBuyerMaker': True, 'isBestMatch': True}
{'id': 83482256, 'price': '4239.24000000', 'qty': '0.00725400', 'time': 1543571024440, 'isBuyerMaker': True, 'isBestMatch': True}
{'id': 83482257, 'price': '4239.24000000', 'qty': '0.04179300', 'time': 1543571024440, 'isBuyerMaker': True, 'isBestMatch': True}
{'id': 83482258, 'price': '4239.24000000', 'qty': '1.00000000', 'time': 1543571024440, 'isBuyerMaker': True, 'isBestMatch': True}
{'id': 83482259, 'price': '4239.23000000', 'qty': '0.40308600', 'time': 1543571024440, 'isBuyerMaker': True, 'isBestMatch': True}
{'id': 83482260, 'price': '4239.24000000', 'qty': '0.04128300', 'time': 1543571025096, 'isBuyerMaker': True, 'isBestMatch': True}
{'id': 83482261, 'price': '4239.24000000', 'qty': '0.00863800', 'time': 1543571025276, 'isBuyerMaker': True, 'isBestMatch': True}
{'id': 83482262, 'price': '4239.24000000', 'qty': '0.10327700', 'time': 1543571025558, 'isBuyerMaker': True, 'isBestMatch': True}
{'id': 83482263, 'price': '4239.23000000', 'qty': '0.09691400', 'time': 1543571025558, 'isBuyerMaker': True, 'isBestMatch': True}
{'id': 83482264, 'price': '4239.08000000', 'qty': '0.02774600', 'time': 1543571025558, 'isBuyerMaker': True, 'isBestMatch': True}
{'id': 83482265, 'price': '4241.18000000', 'qty': '0.24611300', 'time': 1543571026230, 'isBuyerMaker': False, 'isBestMatch': True}
{'id': 83482266, 'price': '4239.08000000', 'qty': '0.00486500', 'time': 1543571027183, 'isBuyerMaker': True, 'isBestMatch': True}
{'id': 83482267, 'price': '4239.08000000', 'qty': '0.00437800', 'time': 1543571028895, 'isBuyerMaker': True, 'isBestMatch': True}
{'id': 83482268, 'price': '4240.08000000', 'qty': '0.01247200', 'time': 1543571029053, 'isBuyerMaker': False, 'isBestMatch': True}
{'id': 83482269, 'price': '4239.08000000', 'qty': '0.02196400', 'time': 1543571029145, 'isBuyerMaker': True, 'isBestMatch': True}
{'id': 83482270, 'price': '4239.38000000', 'qty': '0.48899100', 'time': 1543571029278, 'isBuyerMaker': True, 'isBestMatch': True}
{'id': 83482271, 'price': '4239.08000000', 'qty': '0.00299900', 'time': 1543571030173, 'isBuyerMaker': True, 'isBestMatch': True}
{'id': 83482272, 'price': '4239.08000000', 'qty': '0.01444200', 'time': 1543571030833, 'isBuyerMaker': True, 'isBestMatch': True}
{'id': 83482273, 'price': '4237.26000000', 'qty': '0.46001100', 'time': 1543571030833, 'isBuyerMaker': True, 'isBestMatch': True}
{'id': 83482274, 'price': '4238.12000000', 'qty': '0.03033500', 'time': 1543571030940, 'isBuyerMaker': False, 'isBestMatch': True}
{'id': 83482275, 'price': '4237.26000000', 'qty': '0.03998900', 'time': 1543571031047, 'isBuyerMaker': True, 'isBestMatch': True}
{'id': 83482276, 'price': '4237.26000000', 'qty': '0.01871800', 'time': 1543571031047, 'isBuyerMaker': True, 'isBestMatch': True}
{'id': 83482277, 'price': '4238.12000000', 'qty': '0.05545800', 'time': 1543571031051, 'isBuyerMaker': False, 'isBestMatch': True}
{'id': 83482278, 'price': '4238.12000000', 'qty': '0.09241500', 'time': 1543571031230, 'isBuyerMaker': False, 'isBestMatch': True}
{'id': 83482279, 'price': '4238.12000000', 'qty': '0.00758500', 'time': 1543571031230, 'isBuyerMaker': False, 'isBestMatch': True}
{'id': 83482280, 'price': '4238.12000000', 'qty': '0.08151900', 'time': 1543571031649, 'isBuyerMaker': False, 'isBestMatch': True}
{'id': 83482281, 'price': '4238.38000000', 'qty': '0.08910400', 'time': 1543571031649, 'isBuyerMaker': False, 'isBestMatch': True}
{'id': 83482282, 'price': '4240.06000000', 'qty': '0.00679200', 'time': 1543571031649, 'isBuyerMaker': False, 'isBestMatch': True}
{'id': 83482283, 'price': '4237.27000000', 'qty': '0.15903600', 'time': 1543571031663, 'isBuyerMaker': True, 'isBestMatch': True}
{'id': 83482284, 'price': '4237.27000000', 'qty': '0.01000000', 'time': 1543571031843, 'isBuyerMaker': True, 'isBestMatch': True}
{'id': 83482285, 'price': '4238.62000000', 'qty': '0.95637900', 'time': 1543571032917, 'isBuyerMaker': False, 'isBestMatch': True}
{'id': 83482286, 'price': '4237.28000000', 'qty': '0.02229700', 'time': 1543571033074, 'isBuyerMaker': True, 'isBestMatch': True}
{'id': 83482287, 'price': '4237.28000000', 'qty': '0.07515800', 'time': 1543571033747, 'isBuyerMaker': True, 'isBestMatch': True}
{'id': 83482288, 'price': '4237.28000000', 'qty': '0.06792200', 'time': 1543571033856, 'isBuyerMaker': True, 'isBestMatch': True}
{'id': 83482289, 'price': '4237.28000000', 'qty': '0.14481600', 'time': 1543571033862, 'isBuyerMaker': True, 'isBestMatch': True}
{'id': 83482290, 'price': '4237.28000000', 'qty': '0.06265700', 'time': 1543571034454, 'isBuyerMaker': True, 'isBestMatch': True}
{'id': 83482291, 'price': '4237.28000000', 'qty': '0.06946000', 'time': 1543571034476, 'isBuyerMaker': True, 'isBestMatch': True}
{'id': 83482292, 'price': '4237.28000000', 'qty': '0.18456600', 'time': 1543571035083, 'isBuyerMaker': True, 'isBestMatch': True}
{'id': 83482293, 'price': '4238.06000000', 'qty': '0.90220100', 'time': 1543571035288, 'isBuyerMaker': True, 'isBestMatch': True}
{'id': 83482294, 'price': '4238.12000000', 'qty': '0.03064400', 'time': 1543571036073, 'isBuyerMaker': True, 'isBestMatch': True}
{'id': 83482295, 'price': '4237.28000000', 'qty': '0.03335500', 'time': 1543571036073, 'isBuyerMaker': True, 'isBestMatch': True}
{'id': 83482296, 'price': '4237.28000000', 'qty': '0.02748400', 'time': 1543571036176, 'isBuyerMaker': True, 'isBestMatch': True}
{'id': 83482297, 'price': '4237.28000000', 'qty': '0.08490400', 'time': 1543571037966, 'isBuyerMaker': True, 'isBestMatch': True}
{'id': 83482298, 'price': '4238.55000000', 'qty': '0.31596200', 'time': 1543571038482, 'isBuyerMaker': True, 'isBestMatch': True}
{'id': 83482299, 'price': '4239.33000000', 'qty': '1.14950800', 'time': 1543571042188, 'isBuyerMaker': True, 'isBestMatch': True}
{'id': 83482300, 'price': '4237.65000000', 'qty': '0.26201400', 'time': 1543571043647, 'isBuyerMaker': True, 'isBestMatch': True}
{'id': 83482301, 'price': '4239.93000000', 'qty': '0.01099400', 'time': 1543571043702, 'isBuyerMaker': False, 'isBestMatch': True}
{'id': 83482302, 'price': '4239.93000000', 'qty': '0.05293900', 'time': 1543571043702, 'isBuyerMaker': False, 'isBestMatch': True}
{'id': 83482303, 'price': '4239.94000000', 'qty': '0.08121200', 'time': 1543571043702, 'isBuyerMaker': False, 'isBestMatch': True}
{'id': 83482304, 'price': '4240.00000000', 'qty': '0.01894500', 'time': 1543571043702, 'isBuyerMaker': False, 'isBestMatch': True}
{'id': 83482305, 'price': '4240.00000000', 'qty': '0.54038300', 'time': 1543571043702, 'isBuyerMaker': False, 'isBestMatch': True}
{'id': 83482306, 'price': '4238.41000000', 'qty': '0.31265600', 'time': 1543571044877, 'isBuyerMaker': True, 'isBestMatch': True}
{'id': 83482307, 'price': '4239.94000000', 'qty': '0.30000000', 'time': 1543571045584, 'isBuyerMaker': True, 'isBestMatch': True}
{'id': 83482308, 'price': '4239.61000000', 'qty': '0.10710400', 'time': 1543571046653, 'isBuyerMaker': False, 'isBestMatch': True}
{'id': 83482309, 'price': '4239.56000000', 'qty': '0.05129500', 'time': 1543571048318, 'isBuyerMaker': False, 'isBestMatch': True}
{'id': 83482310, 'price': '4239.53000000', 'qty': '0.02204100', 'time': 1543571049996, 'isBuyerMaker': False, 'isBestMatch': True}
{'id': 83482311, 'price': '4238.43000000', 'qty': '0.99495300', 'time': 1543571050675, 'isBuyerMaker': True, 'isBestMatch': True}
{'id': 83482312, 'price': '4237.44000000', 'qty': '0.00395300', 'time': 1543571052871, 'isBuyerMaker': True, 'isBestMatch': True}
{'id': 83482313, 'price': '4238.93000000', 'qty': '0.71335200', 'time': 1543571055801, 'isBuyerMaker': False, 'isBestMatch': True}
{'id': 83482314, 'price': '4239.47000000', 'qty': '0.02358700', 'time': 1543571056443, 'isBuyerMaker': False, 'isBestMatch': True}
{'id': 83482315, 'price': '4239.44000000', 'qty': '0.05578900', 'time': 1543571057922, 'isBuyerMaker': False, 'isBestMatch': True}
{'id': 83482316, 'price': '4238.18000000', 'qty': '0.18469000', 'time': 1543571058438, 'isBuyerMaker': False, 'isBestMatch': True}
{'id': 83482317, 'price': '4239.42000000', 'qty': '0.00236200', 'time': 1543571059667, 'isBuyerMaker': False, 'isBestMatch': True}
{'id': 83482318, 'price': '4238.91000000', 'qty': '0.56461100', 'time': 1543571060773, 'isBuyerMaker': True, 'isBestMatch': True}
{'id': 83482319, 'price': '4239.08000000', 'qty': '0.00258500', 'time': 1543571063117, 'isBuyerMaker': True, 'isBestMatch': True}
{'id': 83482320, 'price': '4239.39000000', 'qty': '0.24735300', 'time': 1543571064006, 'isBuyerMaker': False, 'isBestMatch': True}
{'id': 83482321, 'price': '4239.41000000', 'qty': '0.55114400', 'time': 1543571064006, 'isBuyerMaker': False, 'isBestMatch': True}
{'id': 83482322, 'price': '4239.58000000', 'qty': '0.30424400', 'time': 1543571064006, 'isBuyerMaker': False, 'isBestMatch': True}
{'id': 83482323, 'price': '4239.48000000', 'qty': '0.49767100', 'time': 1543571064480, 'isBuyerMaker': True, 'isBestMatch': True}
{'id': 83482324, 'price': '4239.83000000', 'qty': '0.00420100', 'time': 1543571065215, 'isBuyerMaker': False, 'isBestMatch': True}
{'id': 83482325, 'price': '4239.83000000', 'qty': '0.07218800', 'time': 1543571065321, 'isBuyerMaker': False, 'isBestMatch': True}
{'id': 83482326, 'price': '4239.83000000', 'qty': '0.02305900', 'time': 1543571065571, 'isBuyerMaker': False, 'isBestMatch': True}
{'id': 83482327, 'price': '4239.83000000', 'qty': '0.02656700', 'time': 1543571066699, 'isBuyerMaker': False, 'isBestMatch': True}
{'id': 83482328, 'price': '4239.10000000', 'qty': '0.40392600', 'time': 1543571067223, 'isBuyerMaker': True, 'isBestMatch': True}
{'id': 83482329, 'price': '4239.08000000', 'qty': '0.00000500', 'time': 1543571068365, 'isBuyerMaker': True, 'isBestMatch': True}
{'id': 83482330, 'price': '4238.51000000', 'qty': '1.55200800', 'time': 1543571070043, 'isBuyerMaker': True, 'isBestMatch': True}
{'id': 83482331, 'price': '4239.37000000', 'qty': '0.16043500', 'time': 1543571072632, 'isBuyerMaker': False, 'isBestMatch': True}
{'id': 83482332, 'price': '4238.29000000', 'qty': '0.32913800', 'time': 1543571072645, 'isBuyerMaker': False, 'isBestMatch': True}
{'id': 83482333, 'price': '4239.41000000', 'qty': '0.09980400', 'time': 1543571072791, 'isBuyerMaker': False, 'isBestMatch': True}
{'id': 83482334, 'price': '4239.77000000', 'qty': '0.27960000', 'time': 1543571072791, 'isBuyerMaker': False, 'isBestMatch': True}
{'id': 83482335, 'price': '4240.00000000', 'qty': '0.96961700', 'time': 1543571072791, 'isBuyerMaker': False, 'isBestMatch': True}
{'id': 83482336, 'price': '4239.83000000', 'qty': '0.02960300', 'time': 1543571073143, 'isBuyerMaker': True, 'isBestMatch': True}
{'id': 83482337, 'price': '4239.85000000', 'qty': '0.23575400', 'time': 1543571074874, 'isBuyerMaker': True, 'isBestMatch': True}
{'id': 83482338, 'price': '4240.95000000', 'qty': '0.51306300', 'time': 1543571074880, 'isBuyerMaker': False, 'isBestMatch': True}
{'id': 83482339, 'price': '4239.83000000', 'qty': '0.11887000', 'time': 1543571076490, 'isBuyerMaker': True, 'isBestMatch': True}
{'id': 83482340, 'price': '4241.41000000', 'qty': '0.00490600', 'time': 1543571076551, 'isBuyerMaker': False, 'isBestMatch': True}
{'id': 83482341, 'price': '4241.41000000', 'qty': '0.41130500', 'time': 1543571076720, 'isBuyerMaker': False, 'isBestMatch': True}
{'id': 83482342, 'price': '4240.86000000', 'qty': '1.30737100', 'time': 1543571076726, 'isBuyerMaker': False, 'isBestMatch': True}
{'id': 83482343, 'price': '4239.84000000', 'qty': '0.01310000', 'time': 1543571078136, 'isBuyerMaker': True, 'isBestMatch': True}
{'id': 83482344, 'price': '4239.84000000', 'qty': '0.00387000', 'time': 1543571078597, 'isBuyerMaker': True, 'isBestMatch': True}
{'id': 83482345, 'price': '4240.55000000', 'qty': '0.53999600', 'time': 1543571080632, 'isBuyerMaker': False, 'isBestMatch': True}
{'id': 83482346, 'price': '4240.47000000', 'qty': '0.30282000', 'time': 1543571083168, 'isBuyerMaker': False, 'isBestMatch': True}
{'id': 83482347, 'price': '4239.84000000', 'qty': '0.03449700', 'time': 1543571083257, 'isBuyerMaker': True, 'isBestMatch': True}
{'id': 83482348, 'price': '4241.69000000', 'qty': '0.01310000', 'time': 1543571083507, 'isBuyerMaker': False, 'isBestMatch': True}
{'id': 83482349, 'price': '4241.70000000', 'qty': '0.32629300', 'time': 1543571083507, 'isBuyerMaker': False, 'isBestMatch': True}
{'id': 83482350, 'price': '4241.73000000', 'qty': '0.50000000', 'time': 1543571083617, 'isBuyerMaker': False, 'isBestMatch': True}
{'id': 83482351, 'price': '4242.11000000', 'qty': '0.50767900', 'time': 1543571083617, 'isBuyerMaker': False, 'isBestMatch': True}
{'id': 83482352, 'price': '4242.30000000', 'qty': '0.07200000', 'time': 1543571083617, 'isBuyerMaker': False, 'isBestMatch': True}
{'id': 83482353, 'price': '4242.35000000', 'qty': '0.44241000', 'time': 1543571083617, 'isBuyerMaker': False, 'isBestMatch': True}
{'id': 83482354, 'price': '4242.77000000', 'qty': '0.50000000', 'time': 1543571083617, 'isBuyerMaker': False, 'isBestMatch': True}
{'id': 83482355, 'price': '4242.77000000', 'qty': '0.00443200', 'time': 1543571083617, 'isBuyerMaker': False, 'isBestMatch': True}
{'id': 83482356, 'price': '4242.77000000', 'qty': '0.38862500', 'time': 1543571083644, 'isBuyerMaker': False, 'isBestMatch': True}
{'id': 83482357, 'price': '4241.72000000', 'qty': '0.02006200', 'time': 1543571083673, 'isBuyerMaker': True, 'isBestMatch': True}
{'id': 83482358, 'price': '4241.72000000', 'qty': '0.14997400', 'time': 1543571083769, 'isBuyerMaker': True, 'isBestMatch': True}
{'id': 83482359, 'price': '4241.72000000', 'qty': '0.14997400', 'time': 1543571083879, 'isBuyerMaker': True, 'isBestMatch': True}
{'id': 83482360, 'price': '4241.72000000', 'qty': '0.14997400', 'time': 1543571083989, 'isBuyerMaker': True, 'isBestMatch': True}
{'id': 83482361, 'price': '4241.72000000', 'qty': '0.14997400', 'time': 1543571084085, 'isBuyerMaker': True, 'isBestMatch': True}
{'id': 83482362, 'price': '4241.74000000', 'qty': '0.04063200', 'time': 1543571084200, 'isBuyerMaker': True, 'isBestMatch': True}
{'id': 83482363, 'price': '4241.74000000', 'qty': '0.00276300', 'time': 1543571084294, 'isBuyerMaker': True, 'isBestMatch': True}
{'id': 83482364, 'price': '4241.74000000', 'qty': '0.14997400', 'time': 1543571084402, 'isBuyerMaker': True, 'isBestMatch': True}
{'id': 83482365, 'price': '4241.74000000', 'qty': '0.00285500', 'time': 1543571084522, 'isBuyerMaker': True, 'isBestMatch': True}
{'id': 83482366, 'price': '4241.74000000', 'qty': '0.25394500', 'time': 1543571084764, 'isBuyerMaker': True, 'isBestMatch': True}
{'id': 83482367, 'price': '4241.72000000', 'qty': '0.04064900', 'time': 1543571085281, 'isBuyerMaker': True, 'isBestMatch': True}
{'id': 83482368, 'price': '4240.45000000', 'qty': '0.00344900', 'time': 1543571085780, 'isBuyerMaker': False, 'isBestMatch': True}
{'id': 83482369, 'price': '4240.45000000', 'qty': '0.00008200', 'time': 1543571086922, 'isBuyerMaker': False, 'isBestMatch': True}
{'id': 83482370, 'price': '4242.58000000', 'qty': '0.07673400', 'time': 1543571086922, 'isBuyerMaker': False, 'isBestMatch': True}
{'id': 83482371, 'price': '4242.58000000', 'qty': '0.79787400', 'time': 1543571086922, 'isBuyerMaker': False, 'isBestMatch': True}
{'id': 83482372, 'price': '4241.56000000', 'qty': '0.91843700', 'time': 1543571087014, 'isBuyerMaker': False, 'isBestMatch': True}
{'id': 83482373, 'price': '4242.57000000', 'qty': '1.00000000', 'time': 1543571087643, 'isBuyerMaker': False, 'isBestMatch': True}
{'id': 83482374, 'price': '4240.87000000', 'qty': '0.08456000', 'time': 1543571088180, 'isBuyerMaker': True, 'isBestMatch': True}
{'id': 83482375, 'price': '4240.87000000', 'qty': '0.06864800', 'time': 1543571088390, 'isBuyerMaker': True, 'isBestMatch': True}
{'id': 83482376, 'price': '4240.87000000', 'qty': '0.00000100', 'time': 1543571089430, 'isBuyerMaker': True, 'isBestMatch': True}
{'id': 83482377, 'price': '4240.86000000', 'qty': '0.02102400', 'time': 1543571089430, 'isBuyerMaker': True, 'isBestMatch': True}
{'id': 83482378, 'price': '4240.86000000', 'qty': '0.03355800', 'time': 1543571089690, 'isBuyerMaker': True, 'isBestMatch': True}
{'id': 83482379, 'price': '4240.86000000', 'qty': '0.01323200', 'time': 1543571089713, 'isBuyerMaker': True, 'isBestMatch': True}
{'id': 83482380, 'price': '4240.86000000', 'qty': '0.01800000', 'time': 1543571090975, 'isBuyerMaker': True, 'isBestMatch': True}
{'id': 83482381, 'price': '4240.86000000', 'qty': '0.17372100', 'time': 1543571091072, 'isBuyerMaker': True, 'isBestMatch': True}
{'id': 83482382, 'price': '4240.28000000', 'qty': '0.45779600', 'time': 1543571092701, 'isBuyerMaker': False, 'isBestMatch': True}
{'id': 83482383, 'price': '4241.51000000', 'qty': '0.05529700', 'time': 1543571092916, 'isBuyerMaker': False, 'isBestMatch': True}
{'id': 83482384, 'price': '4241.51000000', 'qty': '0.13106100', 'time': 1543571092934, 'isBuyerMaker': False, 'isBestMatch': True}
{'id': 83482385, 'price': '4239.84000000', 'qty': '0.08800000', 'time': 1543571093109, 'isBuyerMaker': True, 'isBestMatch': True}
{'id': 83482386, 'price': '4239.84000000', 'qty': '0.01131300', 'time': 1543571093418, 'isBuyerMaker': True, 'isBestMatch': True}
{'id': 83482387, 'price': '4239.83000000', 'qty': '0.00883900', 'time': 1543571093537, 'isBuyerMaker': True, 'isBestMatch': True}
{'id': 83482388, 'price': '4239.83000000', 'qty': '0.02480700', 'time': 1543571093864, 'isBuyerMaker': True, 'isBestMatch': True}
{'id': 83482389, 'price': '4239.83000000', 'qty': '0.00920600', 'time': 1543571094511, 'isBuyerMaker': True, 'isBestMatch': True}
{'id': 83482390, 'price': '4239.83000000', 'qty': '0.00883900', 'time': 1543571094625, 'isBuyerMaker': True, 'isBestMatch': True}
{'id': 83482391, 'price': '4241.48000000', 'qty': '0.05556600', 'time': 1543571094995, 'isBuyerMaker': False, 'isBestMatch': True}
{'id': 83482392, 'price': '4241.48000000', 'qty': '0.00520500', 'time': 1543571095079, 'isBuyerMaker': False, 'isBestMatch': True}
{'id': 83482393, 'price': '4241.48000000', 'qty': '0.00357800', 'time': 1543571095176, 'isBuyerMaker': False, 'isBestMatch': True}
{'id': 83482394, 'price': '4241.48000000', 'qty': '0.00416000', 'time': 1543571095776, 'isBuyerMaker': False, 'isBestMatch': True}
{'id': 83482395, 'price': '4239.83000000', 'qty': '0.77607400', 'time': 1543571096265, 'isBuyerMaker': True, 'isBestMatch': True}
{'id': 83482396, 'price': '4241.47000000', 'qty': '0.08084200', 'time': 1543571096418, 'isBuyerMaker': False, 'isBestMatch': True}
{'id': 83482397, 'price': '4239.83000000', 'qty': '0.01082400', 'time': 1543571096957, 'isBuyerMaker': True, 'isBestMatch': True}
{'id': 83482398, 'price': '4239.83000000', 'qty': '0.00702900', 'time': 1543571097061, 'isBuyerMaker': True, 'isBestMatch': True}
{'id': 83482399, 'price': '4239.83000000', 'qty': '0.05451500', 'time': 1543571097666, 'isBuyerMaker': True, 'isBestMatch': True}
{'id': 83482400, 'price': '4239.83000000', 'qty': '0.01843400', 'time': 1543571097695, 'isBuyerMaker': True, 'isBestMatch': True}
{'id': 83482401, 'price': '4241.21000000', 'qty': '0.01296300', 'time': 1543571098497, 'isBuyerMaker': True, 'isBestMatch': True}
{'id': 83482402, 'price': '4241.21000000', 'qty': '1.07855700', 'time': 1543571098500, 'isBuyerMaker': True, 'isBestMatch': True}
{'id': 83482403, 'price': '4240.53000000', 'qty': '0.00721700', 'time': 1543571098611, 'isBuyerMaker': True, 'isBestMatch': True}
{'id': 83482404, 'price': '4240.53000000', 'qty': '0.00575000', 'time': 1543571098712, 'isBuyerMaker': True, 'isBestMatch': True}
{'id': 83482405, 'price': '4240.86000000', 'qty': '0.07159800', 'time': 1543571098757, 'isBuyerMaker': True, 'isBestMatch': True}
{'id': 83482406, 'price': '4240.53000000', 'qty': '0.00000300', 'time': 1543571098757, 'isBuyerMaker': True, 'isBestMatch': True}
{'id': 83482407, 'price': '4239.83000000', 'qty': '0.04261100', 'time': 1543571098757, 'isBuyerMaker': True, 'isBestMatch': True}
{'id': 83482408, 'price': '4239.85000000', 'qty': '0.20945700', 'time': 1543571100322, 'isBuyerMaker': True, 'isBestMatch': True}
{'id': 83482409, 'price': '4240.40000000', 'qty': '0.62652500', 'time': 1543571100327, 'isBuyerMaker': True, 'isBestMatch': True}
{'id': 83482410, 'price': '4239.83000000', 'qty': '0.00387000', 'time': 1543571100638, 'isBuyerMaker': True, 'isBestMatch': True}
{'id': 83482411, 'price': '4241.19000000', 'qty': '0.01221300', 'time': 1543571100897, 'isBuyerMaker': False, 'isBestMatch': True}
{'id': 83482412, 'price': '4239.83000000', 'qty': '0.00359900', 'time': 1543571101323, 'isBuyerMaker': True, 'isBestMatch': True}
{'id': 83482413, 'price': '4239.83000000', 'qty': '0.01000000', 'time': 1543571101411, 'isBuyerMaker': True, 'isBestMatch': True}
{'id': 83482414, 'price': '4239.85000000', 'qty': '0.60706000', 'time': 1543571103462, 'isBuyerMaker': True, 'isBestMatch': True}
{'id': 83482415, 'price': '4240.53000000', 'qty': '0.18214400', 'time': 1543571103471, 'isBuyerMaker': False, 'isBestMatch': True}
{'id': 83482416, 'price': '4241.17000000', 'qty': '0.25623300', 'time': 1543571103992, 'isBuyerMaker': False, 'isBestMatch': True}
{'id': 83482417, 'price': '4239.85000000', 'qty': '0.05207100', 'time': 1543571104945, 'isBuyerMaker': True, 'isBestMatch': True}
{'id': 83482418, 'price': '4239.85000000', 'qty': '0.30571500', 'time': 1543571105244, 'isBuyerMaker': True, 'isBestMatch': True}
{'id': 83482419, 'price': '4240.52000000', 'qty': '0.63299000', 'time': 1543571105250, 'isBuyerMaker': False, 'isBestMatch': True}
{'id': 83482420, 'price': '4241.42000000', 'qty': '0.00335000', 'time': 1543571106752, 'isBuyerMaker': False, 'isBestMatch': True}
{'id': 83482421, 'price': '4239.83000000', 'qty': '0.00759700', 'time': 1543571107289, 'isBuyerMaker': True, 'isBestMatch': True}
{'id': 83482422, 'price': '4241.40000000', 'qty': '0.02358100', 'time': 1543571107632, 'isBuyerMaker': False, 'isBestMatch': True}
{'id': 83482423, 'price': '4240.91000000', 'qty': '0.45532900', 'time': 1543571110761, 'isBuyerMaker': False, 'isBestMatch': True}
{'id': 83482424, 'price': '4241.35000000', 'qty': '0.54467100', 'time': 1543571110761, 'isBuyerMaker': False, 'isBestMatch': True}
{'id': 83482425, 'price': '4240.59000000', 'qty': '0.21747600', 'time': 1543571111198, 'isBuyerMaker': False, 'isBestMatch': True}
{'id': 83482426, 'price': '4239.85000000', 'qty': '0.42228200', 'time': 1543571111198, 'isBuyerMaker': True, 'isBestMatch': True}
{'id': 83482427, 'price': '4239.85000000', 'qty': '0.12640900', 'time': 1543571113174, 'isBuyerMaker': True, 'isBestMatch': True}
{'id': 83482428, 'price': '4239.85000000', 'qty': '0.01340100', 'time': 1543571113363, 'isBuyerMaker': True, 'isBestMatch': True}
{'id': 83482429, 'price': '4239.85000000', 'qty': '0.00392900', 'time': 1543571113690, 'isBuyerMaker': True, 'isBestMatch': True}
{'id': 83482430, 'price': '4240.59000000', 'qty': '0.12328800', 'time': 1543571114360, 'isBuyerMaker': True, 'isBestMatch': True}
{'id': 83482431, 'price': '4239.85000000', 'qty': '0.14736000', 'time': 1543571114360, 'isBuyerMaker': True, 'isBestMatch': True}
{'id': 83482432, 'price': '4239.85000000', 'qty': '0.10000000', 'time': 1543571114491, 'isBuyerMaker': True, 'isBestMatch': True}
{'id': 83482433, 'price': '4239.85000000', 'qty': '0.00387000', 'time': 1543571114717, 'isBuyerMaker': True, 'isBestMatch': True}
{'id': 83482434, 'price': '4239.85000000', 'qty': '0.01941800', 'time': 1543571115227, 'isBuyerMaker': True, 'isBestMatch': True}
{'id': 83482435, 'price': '4239.83000000', 'qty': '0.07674300', 'time': 1543571115227, 'isBuyerMaker': True, 'isBestMatch': True}
{'id': 83482436, 'price': '4237.50000000', 'qty': '0.00640400', 'time': 1543571115227, 'isBuyerMaker': True, 'isBestMatch': True}
{'id': 83482437, 'price': '4237.49000000', 'qty': '1.00000000', 'time': 1543571115227, 'isBuyerMaker': True, 'isBestMatch': True}
{'id': 83482438, 'price': '4237.49000000', 'qty': '0.30000000', 'time': 1543571115227, 'isBuyerMaker': True, 'isBestMatch': True}
{'id': 83482439, 'price': '4237.48000000', 'qty': '0.50471000', 'time': 1543571115227, 'isBuyerMaker': True, 'isBestMatch': True}
{'id': 83482440, 'price': '4237.44000000', 'qty': '0.12881400', 'time': 1543571115227, 'isBuyerMaker': True, 'isBestMatch': True}
{'id': 83482441, 'price': '4237.21000000', 'qty': '0.30668600', 'time': 1543571115227, 'isBuyerMaker': True, 'isBestMatch': True}
{'id': 83482442, 'price': '4237.00000000', 'qty': '2.57815900', 'time': 1543571115227, 'isBuyerMaker': True, 'isBestMatch': True}
{'id': 83482443, 'price': '4236.51000000', 'qty': '0.13609400', 'time': 1543571115227, 'isBuyerMaker': True, 'isBestMatch': True}
{'id': 83482444, 'price': '4236.00000000', 'qty': '1.00000000', 'time': 1543571115227, 'isBuyerMaker': True, 'isBestMatch': True}
{'id': 83482445, 'price': '4235.90000000', 'qty': '0.43356100', 'time': 1543571115227, 'isBuyerMaker': True, 'isBestMatch': True}
{'id': 83482446, 'price': '4235.82000000', 'qty': '0.21485700', 'time': 1543571115227, 'isBuyerMaker': True, 'isBestMatch': True}
{'id': 83482447, 'price': '4235.00000000', 'qty': '0.00734400', 'time': 1543571115227, 'isBuyerMaker': True, 'isBestMatch': True}
{'id': 83482448, 'price': '4235.00000000', 'qty': '0.00245000', 'time': 1543571115227, 'isBuyerMaker': True, 'isBestMatch': True}
{'id': 83482449, 'price': '4235.00000000', 'qty': '0.98282900', 'time': 1543571115227, 'isBuyerMaker': True, 'isBestMatch': True}
{'id': 83482450, 'price': '4234.94000000', 'qty': '0.50000000', 'time': 1543571115227, 'isBuyerMaker': True, 'isBestMatch': True}
{'id': 83482451, 'price': '4233.64000000', 'qty': '0.50000000', 'time': 1543571115227, 'isBuyerMaker': True, 'isBestMatch': True}
{'id': 83482452, 'price': '4233.33000000', 'qty': '0.30000000', 'time': 1543571115227, 'isBuyerMaker': True, 'isBestMatch': True}
{'id': 83482453, 'price': '4233.00000000', 'qty': '0.07000600', 'time': 1543571115227, 'isBuyerMaker': True, 'isBestMatch': True}
{'id': 83482454, 'price': '4232.01000000', 'qty': '0.15263500', 'time': 1543571115227, 'isBuyerMaker': True, 'isBestMatch': True}
{'id': 83482455, 'price': '4231.48000000', 'qty': '0.30000000', 'time': 1543571115227, 'isBuyerMaker': True, 'isBestMatch': True}
{'id': 83482456, 'price': '4231.00000000', 'qty': '0.04010700', 'time': 1543571115227, 'isBuyerMaker': True, 'isBestMatch': True}
{'id': 83482457, 'price': '4230.34000000', 'qty': '0.12560600', 'time': 1543571115227, 'isBuyerMaker': True, 'isBestMatch': True}
{'id': 83482458, 'price': '4230.00000000', 'qty': '0.16928000', 'time': 1543571115227, 'isBuyerMaker': True, 'isBestMatch': True}
{'id': 83482459, 'price': '4230.00000000', 'qty': '0.00376200', 'time': 1543571115227, 'isBuyerMaker': True, 'isBestMatch': True}
{'id': 83482460, 'price': '4229.34000000', 'qty': '0.04000000', 'time': 1543571115227, 'isBuyerMaker': True, 'isBestMatch': True}
{'id': 83482461, 'price': '4229.04000000', 'qty': '0.02000000', 'time': 1543571115227, 'isBuyerMaker': True, 'isBestMatch': True}
{'id': 83482462, 'price': '4227.48000000', 'qty': '0.08053500', 'time': 1543571115227, 'isBuyerMaker': True, 'isBestMatch': True}
{'id': 83482463, 'price': '4227.48000000', 'qty': '0.12399800', 'time': 1543571115227, 'isBuyerMaker': True, 'isBestMatch': True}
{'id': 83482464, 'price': '4237.51000000', 'qty': '1.00000000', 'time': 1543571115281, 'isBuyerMaker': True, 'isBestMatch': True}
{'id': 83482465, 'price': '4234.45000000', 'qty': '0.44892500', 'time': 1543571117321, 'isBuyerMaker': False, 'isBestMatch': True}
{'id': 83482466, 'price': '4238.62000000', 'qty': '0.00456000', 'time': 1543571118111, 'isBuyerMaker': False, 'isBestMatch': True}
{'id': 83482467, 'price': '4232.40000000', 'qty': '0.00505900', 'time': 1543571118943, 'isBuyerMaker': True, 'isBestMatch': True}
{'id': 83482468, 'price': '4236.06000000', 'qty': '0.80079800', 'time': 1543571119405, 'isBuyerMaker': False, 'isBestMatch': True}
{'id': 83482469, 'price': '4236.05000000', 'qty': '0.14997700', 'time': 1543571119579, 'isBuyerMaker': False, 'isBestMatch': True}
{'id': 83482470, 'price': '4236.05000000', 'qty': '0.00645500', 'time': 1543571119676, 'isBuyerMaker': False, 'isBestMatch': True}
{'id': 83482471, 'price': '4236.03000000', 'qty': '0.14997700', 'time': 1543571120924, 'isBuyerMaker': False, 'isBestMatch': True}
{'id': 83482472, 'price': '4236.03000000', 'qty': '0.14997700', 'time': 1543571121033, 'isBuyerMaker': False, 'isBestMatch': True}
{'id': 83482473, 'price': '4236.03000000', 'qty': '0.09285200', 'time': 1543571121253, 'isBuyerMaker': False, 'isBestMatch': True}
{'id': 83482474, 'price': '4236.03000000', 'qty': '0.18899300', 'time': 1543571121304, 'isBuyerMaker': False, 'isBestMatch': True}
{'id': 83482475, 'price': '4236.04000000', 'qty': '0.05000000', 'time': 1543571121304, 'isBuyerMaker': False, 'isBestMatch': True}
{'id': 83482476, 'price': '4236.55000000', 'qty': '0.00267400', 'time': 1543571121304, 'isBuyerMaker': False, 'isBestMatch': True}
{'id': 83482477, 'price': '4236.55000000', 'qty': '0.03690800', 'time': 1543571121543, 'isBuyerMaker': False, 'isBestMatch': True}
{'id': 83482478, 'price': '4234.76000000', 'qty': '0.35866500', 'time': 1543571122230, 'isBuyerMaker': False, 'isBestMatch': True}
{'id': 83482479, 'price': '4236.55000000', 'qty': '0.01696800', 'time': 1543571122289, 'isBuyerMaker': False, 'isBestMatch': True}
{'id': 83482480, 'price': '4236.55000000', 'qty': '0.08843000', 'time': 1543571122306, 'isBuyerMaker': False, 'isBestMatch': True}
{'id': 83482481, 'price': '4238.54000000', 'qty': '0.01213800', 'time': 1543571123344, 'isBuyerMaker': False, 'isBestMatch': True}
{'id': 83482482, 'price': '4235.46000000', 'qty': '0.93292400', 'time': 1543571123930, 'isBuyerMaker': True, 'isBestMatch': True}
{'id': 83482483, 'price': '4236.06000000', 'qty': '0.01133300', 'time': 1543571124370, 'isBuyerMaker': True, 'isBestMatch': True}
{'id': 83482484, 'price': '4236.06000000', 'qty': '0.04876800', 'time': 1543571124483, 'isBuyerMaker': True, 'isBestMatch': True}
{'id': 83482485, 'price': '4236.06000000', 'qty': '0.09325400', 'time': 1543571124505, 'isBuyerMaker': True, 'isBestMatch': True}
{'id': 83482486, 'price': '4236.05000000', 'qty': '0.02733500', 'time': 1543571124505, 'isBuyerMaker': True, 'isBestMatch': True}
{'id': 83482487, 'price': '4234.87000000', 'qty': '0.11455500', 'time': 1543571126022, 'isBuyerMaker': True, 'isBestMatch': True}
{'id': 83482488, 'price': '4235.33000000', 'qty': '1.21994500', 'time': 1543571128424, 'isBuyerMaker': False, 'isBestMatch': True}
{'id': 83482489, 'price': '4233.15000000', 'qty': '0.01193000', 'time': 1543571128630, 'isBuyerMaker': True, 'isBestMatch': True}
{'id': 83482490, 'price': '4234.76000000', 'qty': '0.31279500', 'time': 1543571131989, 'isBuyerMaker': False, 'isBestMatch': True}
{'id': 83482491, 'price': '4234.87000000', 'qty': '0.02016400', 'time': 1543571132121, 'isBuyerMaker': True, 'isBestMatch': True}
{'id': 83482492, 'price': '4237.42000000', 'qty': '0.01900200', 'time': 1543571133204, 'isBuyerMaker': False, 'isBestMatch': True}
{'id': 83482493, 'price': '4237.41000000', 'qty': '0.05389000', 'time': 1543571133360, 'isBuyerMaker': False, 'isBestMatch': True}
{'id': 83482494, 'price': '4234.88000000', 'qty': '0.01945900', 'time': 1543571133797, 'isBuyerMaker': True, 'isBestMatch': True}
{'id': 83482495, 'price': '4234.91000000', 'qty': '0.15339700', 'time': 1543571134635, 'isBuyerMaker': True, 'isBestMatch': True}
{'id': 83482496, 'price': '4234.90000000', 'qty': '0.52907300', 'time': 1543571134635, 'isBuyerMaker': True, 'isBestMatch': True}
{'id': 83482497, 'price': '4234.87000000', 'qty': '0.08083600', 'time': 1543571134635, 'isBuyerMaker': True, 'isBestMatch': True}
{'id': 83482498, 'price': '4233.90000000', 'qty': '0.01827300', 'time': 1543571134635, 'isBuyerMaker': True, 'isBestMatch': True}
{'id': 83482499, 'price': '4232.50000000', 'qty': '0.21742100', 'time': 1543571134635, 'isBuyerMaker': True, 'isBestMatch': True}
{'id': 83482500, 'price': '4234.92000000', 'qty': '0.01247200', 'time': 1543571137582, 'isBuyerMaker': True, 'isBestMatch': True}
{'id': 83482501, 'price': '4234.92000000', 'qty': '0.02303400', 'time': 1543571139141, 'isBuyerMaker': True, 'isBestMatch': True}
{'id': 83482502, 'price': '4234.92000000', 'qty': '0.05244800', 'time': 1543571139524, 'isBuyerMaker': True, 'isBestMatch': True}
{'id': 83482503, 'price': '4235.97000000', 'qty': '0.26536000', 'time': 1543571140375, 'isBuyerMaker': True, 'isBestMatch': True}
{'id': 83482504, 'price': '4236.89000000', 'qty': '0.02609500', 'time': 1543571140908, 'isBuyerMaker': False, 'isBestMatch': True}
{'id': 83482505, 'price': '4234.92000000', 'qty': '0.00386900', 'time': 1543571141384, 'isBuyerMaker': True, 'isBestMatch': True}
{'id': 83482506, 'price': '4235.91000000', 'qty': '0.65297100', 'time': 1543571142508, 'isBuyerMaker': True, 'isBestMatch': True}
{'id': 83482507, 'price': '4234.92000000', 'qty': '0.01276100', 'time': 1543571143230, 'isBuyerMaker': True, 'isBestMatch': True}
{'id': 83482508, 'price': '4236.69000000', 'qty': '0.01888300', 'time': 1543571145091, 'isBuyerMaker': False, 'isBestMatch': True}
{'id': 83482509, 'price': '4236.11000000', 'qty': '0.16681600', 'time': 1543571145374, 'isBuyerMaker': False, 'isBestMatch': True}
{'id': 83482510, 'price': '4236.64000000', 'qty': '0.00910000', 'time': 1543571146781, 'isBuyerMaker': False, 'isBestMatch': True}
{'id': 83482511, 'price': '4236.64000000', 'qty': '0.05111400', 'time': 1543571147074, 'isBuyerMaker': False, 'isBestMatch': True}
{'id': 83482512, 'price': '4236.65000000', 'qty': '0.02852200', 'time': 1543571147074, 'isBuyerMaker': False, 'isBestMatch': True}
{'id': 83482513, 'price': '4236.04000000', 'qty': '0.38761200', 'time': 1543571147187, 'isBuyerMaker': True, 'isBestMatch': True}
{'id': 83482514, 'price': '4234.92000000', 'qty': '0.01509900', 'time': 1543571147623, 'isBuyerMaker': True, 'isBestMatch': True}
{'id': 83482515, 'price': '4234.92000000', 'qty': '0.00323300', 'time': 1543571148061, 'isBuyerMaker': True, 'isBestMatch': True}
{'id': 83482516, 'price': '4234.92000000', 'qty': '0.03048200', 'time': 1543571148117, 'isBuyerMaker': True, 'isBestMatch': True}
{'id': 83482517, 'price': '4232.50000000', 'qty': '0.00323300', 'time': 1543571148117, 'isBuyerMaker': True, 'isBestMatch': True}
{'id': 83482518, 'price': '4236.17000000', 'qty': '0.01444500', 'time': 1543571148129, 'isBuyerMaker': False, 'isBestMatch': True}
{'id': 83482519, 'price': '4235.00000000', 'qty': '0.16307400', 'time': 1543571150693, 'isBuyerMaker': False, 'isBestMatch': True}
{'id': 83482520, 'price': '4235.99000000', 'qty': '0.00345200', 'time': 1543571151245, 'isBuyerMaker': False, 'isBestMatch': True}
{'id': 83482521, 'price': '4232.76000000', 'qty': '0.01822500', 'time': 1543571153307, 'isBuyerMaker': True, 'isBestMatch': True}
{'id': 83482522, 'price': '4232.79000000', 'qty': '0.15345100', 'time': 1543571154117, 'isBuyerMaker': True, 'isBestMatch': True}
{'id': 83482523, 'price': '4232.78000000', 'qty': '0.34575100', 'time': 1543571154117, 'isBuyerMaker': True, 'isBestMatch': True}
{'id': 83482524, 'price': '4235.83000000', 'qty': '0.03078600', 'time': 1543571154869, 'isBuyerMaker': False, 'isBestMatch': True}
{'id': 83482525, 'price': '4232.79000000', 'qty': '0.05852800', 'time': 1543571155703, 'isBuyerMaker': True, 'isBestMatch': True}
{'id': 83482526, 'price': '4235.77000000', 'qty': '0.00926100', 'time': 1543571156246, 'isBuyerMaker': False, 'isBestMatch': True}
